@ARTICLE{Radchenko2011my,
  author = {Radchenko, Elina and Rogoza, Tatyana and Khokhrina, Maria and \underline{Drozdova, Polina} and Mironova, Ludmila},
  title = {\textit{SUP35} expression is enhanced in yeast containing [\textit{ISP}\textsuperscript{+}], a prion form of the transcriptional regulator Sfp1},
  journal = {Prion},
  year = {2011},
  volume = {5},
  pages = {317--322},
  language = {english},
  langid = {english}
}




@article{Drozdova2016my,
author = {\underline{Drozdova, Polina B} and Tarasov, Oleg V and Matveenko, Andrew G and Radchenko, Elina A and Sopova, Julia V and Polev, Dmitrii E and Inge-Vechtomov, Sergey G and Dobrynin, Pavel V},
doi = {10.1371/journal.pone.0154722},
issn = {1932-6203},
journal = {PloS one},
month = {jan},
number = {5},
pages = {e0154722},
langid = {english},
pmid = {27152522},
publisher = {Public Library of Science},
title = {Genome sequencing and comparative analysis of \textit{Saccharomyces cerevisiae} strains of the Peterhof genetic collection},
volume = {11},
year = {2016}
}

@article{Matveenko2016my,
author = {Matveenko, Andrew G and \underline{Drozdova, Polina B.} and Belousov, Mikhail V. and Moskalenko, Svetlana E. and Bondarev,  Stanislav A. and Barbitoff, Yury A. and Nizhnikov, Anton A. and Zhouravleva, Galina A.},
journal = {Genes to cells},
number = {in press},
year = {in press}, 
volume = {in press}, 
title = {SFP1-mediated prion-dependent lethality is caused by increased Sup35 aggregation and alleviated by Sis1},
langid = {english}
}


@CONFERENCE{bib2,
  author = {Фамилия, И. О.},
  title = {название тезисов конференции},
  booktitle = {Название сборника},
  year = {2012},
  language = {russian},
}