@article{Volkov1997ru,
author = {Волков, К. В. and Ильмов, Е. А. and Миронова, Л. Н. and Инге-Вечтомов, С. Г.},
journal = {Доклады академии наук},
year = {1997},
volume = {357},
number = {1},
pages = {123--125},
langid = {russian},
title = {Свойства мутантного фактора [\textit{PSI}] --- прионоподобного элемента дрожжей}
}

@book{Katalog,
author = {Andrianova, V. M. and Samsonova, M. G. and Sopova, Y. V. and Inge-Vechtomov, S. G.},
title = {Peterhof genetic collection of yeasts},
date = {2003},
OPTlocation = {St. Petersburg},
langid = {english},
OPTisbn = {isbn},
}
@article{Inge-Vechtomov1963,
author = {Инге-Вечтомов, С. Г.},
title = {Новые генетические линии дрожжей \Saccer},
journal = {Вест. Ленинградского ун-та},
langid = {russian},
volume = {21},
number = {4},
pages = {117--125},
year = {1963},
}

@article{Drozdova2016,
author = {Drozdova, Polina B and Tarasov, Oleg V and Matveenko, Andrew G and Radchenko, Elina A and Sopova, Julia V and Polev, Dmitrii E and Inge-Vechtomov, Sergey G and Dobrynin, Pavel V},
doi = {10.1371/journal.pone.0154722},
issn = {1932-6203},
journal = {PloS one},
number = {5},
pages = {e0154722},
langid = {english},
pmid = {27152522},
publisher = {Public Library of Science},
title = {Genome sequencing and comparative analysis of \Saccer strains of the Peterhof genetic collection},
volume = {11},
year = {2016},
langid = {english}
}

@phdthesis{RadchenkoPhD,
author = {Радченко Э. А. },
title = {Роль гена \textit{SFP1} в контроле эффективности нонсенс-супрессии у дрожжей  \Saccer},
institution = {Санкт-Петербургский государственный университет},
school = {Санкт-Петербургский государственный университет},
year = {2015},
langid = {russian}
}

@article{Rogoza2010,
author = {Rogoza, Tatyana and Goginashvili, Alexander and Rodionova, Sofia and Ivanov, Maxim and Viktorovskaya, Olga and Rubel, Alexander and Volkov, Kirill and Mironova, Ludmila},
doi = {10.1073/pnas.1005949107},
isbn = {1005949107},
issn = {1091-6490},
journal = {PNAS U. S .A},
number = {23},
pages = {10573--7},
pmid = {20498075},
title = {Non-Mendelian determinant \ISP in yeast is a nuclear-residing prion form of the global transcriptional regulator Sfp1},
langid = {english},
volume = {107},
year = {2010}
}
@article{Radchenko2011,
author = {Radchenko, Elina and Rogoza, Tatyana and Khokhrina, Maria and Drozdova, Polina and Mironova, Ludmila},
issn = {1933-690X},
journal = {Prion},
number = {4},
pages = {317--22},
pmid = {22156729},
publisher = {Landes Bioscience},
title = {\textit{SUP35} expression is enhanced in yeast containing [\textit{ISP}\textsuperscript{+}], a prion form of the transcriptional regulator Sfp1},
langid = {english},
volume = {5},
year = {2011}
}
@article{Aksenova2006ru,
author = {Аксенова, А. Ю. and Волков, К. В. and Ровинский, Н. С. and Свитин, А. В. and Миронова, Л. Н.},
journal = {Молекулярная биология},
volume = {40},
number = {5},
pages = {844--849},
langid = {russian},
title = {Фенотипическое проявление эпигенетического детерминанта [\textit{ISP}\up{+}] зависит от комбинации мутаций в генах \textit{SUP45} и \textit{SUP35}},
year = {2006}
}

@article{Zhu2009,
author = {Zhu, Cong and Byers, Kelsey J R P and McCord, Rachel Patton and Shi, Zhenwei and Berger, Michael F and Newburger, Daniel E and Saulrieta, Katrina and Smith, Zachary and Shah, Mita V and Radhakrishnan, Mathangi and Philippakis, Anthony a and Hu, Yanhui and {De Masi}, Federico and Pacek, Marcin and Rolfs, Andreas and Murthy, Tal and Labaer, Joshua and Bulyk, Martha L},
doi = {10.1101/gr.090233.108},
issn = {1088-9051},
journal = {Genome research},
number = {4},
pages = {556--66},
pmid = {19158363},
title = {{High-resolution DNA-binding specificity analysis of yeast transcription factors}},
volume = {19},
langid = {english},
year = {2009}
}
@article{Zeevi2011,
author = {Zeevi, Danny and Sharon, Eilon and Lotan-Pompan, Maya and Lubling, Yaniv and Shipony, Zohar and Raveh-Sadka, Tali and Keren, Leeat and Levo, Michal and Weinberger, Adina and Segal, Eran},
doi = {10.1101/gr.119669.110},
issn = {1549-5469},
journal = {Genome research},
number = {12},
pages = {2114--28},
pmid = {22009988},
title = {{Compensation for differences in gene copy number among yeast ribosomal proteins is encoded within their promoters}},
volume = {21},
langid = {english},
year = {2011}
}

@article{Stirling2011,
author = {Stirling, Peter C and Bloom, Michelle S and Solanki-Patil, Tejomayee and Smith, Stephanie and Sipahimalani, Payal and Li, Zhijian and Kofoed, Megan and Ben-Aroya, Shay and Myung, Kyungjae and Hieter, Philip},
doi = {10.1371/journal.pgen.1002057},
isbn = {10.1371/journal.pgen.1002057},
issn = {1553-7404},
journal = {PLoS genetics},
number = {4},
pages = {e1002057},
pmid = {21552543},
landid = {english},
publisher = {Public Library of Science},
title = {{The complete spectrum of yeast chromosome instability genes identifies candidate CIN cancer genes and functional roles for ASTRA complex components}},
volume = {7},
year = {2011},
langid = {english}
}

@article{Yuen2007,
author = {Yuen, Karen W Y and Warren, Cheryl D and Chen, Ou and Kwok, Teresa and Hieter, Phil and Spencer, Forrest A},
doi = {10.1073/pnas.0610642104},
issn = {0027-8424},
journal = {PNAS U. S. A.},
keywords = {Chromosome Mapping,Chromosomes,Genes, Fungal,Genetic Complementation Test,Genetic Techniques,Genome, Fungal,Haploidy,Humans,Karyotyping,Models, Biological,Models, Genetic,Mutation,Neoplasms,Neoplasms: genetics,Neoplasms: metabolism,Phenotype,Transgenes},
number = {10},
pages = {3925--30},
pmid = {17360454},
langid = {english},
title = {{Systematic genome instability screens in yeast and their potential relevance to cancer}},
volume = {104},
year = {2007}
}
@article{Rogoza2009ru,
author = {Рогоза, Т. М. and Викторовская, О. В. and Родионова, С. А. and Иванов, М. С. and Волков, К. В. and Миронова, Л. Н.},
year = {2009},
journal = {Молекулярная биология},
langid = {russian},
title = {Поиск генов, влияющих на поддержание антисупрессорного прионоподобного детерминанта [\textit{ISP}\textsuperscript{+}] у дрожжей, с помощью инсерционной библиотеки генов},
volume = {43},
number = {3},
pages = {392--399}
}
@article{Goginashvili2009ru,
author = {Гогинашвили, А. И. and Волков, К. В. and Миронова, Л. Н.},
journal = {Вестник Санкт-Петербургского университета. Серия 3},
title = {Использование экспрессионной библиотеки для идентификации генов, сверхэкспрессия которых приводит к индукции прионоподобного детерминанта [\textit{ISP}\textsuperscript{+}] у дрожжей \Saccer},
volume = {4},
pages = {94--104},
langid = {russian},
year = {2009}
}

@article{Du2008,
author = {Du, Zhiqiang and Park, Kyung-Won and Yu, Haijing and Fan, Qing and Li, Liming},
doi = {10.1038/ng.112},
file = {:media/drozdovapb/441DB6652D7ED741/Work/Papers/Prions/SWI/2008{\_}Du et al{\_}SWI.pdf:pdf},
issn = {1546-1718},
journal = {Nature genetics},
number = {4},
pages = {460--5},
pmid = {18362884},
title = {{Newly identified prion linked to the chromatin-remodeling factor Swi1 in \Saccer}},
volume = {40},
langid = {english},
year = {2008}
}

@article{Samsonova1994ru,
author = {Самсонова, М. Г. and Андрианова, В. М. and Борщевская, Т. Н. and Чунаев, А. С.},
title = {Петергофские генетические коллекции микроорганизмов},
journal = {Генетика},
volume = {30},
issue = {8},
pages = {1123-1129},
year = {1994},
langid = {russian}
}

@article{Volkov2002,
author = {Volkov, Kirill V and Aksenova, Anna Yu and Soom, Malle J and Osipov, Kirill V and Svitin, Anton V and Kurischko, Cornelia and Shkundina, Irina S and Ter-Avanesyan, Michael D and Inge-Vechtomov, Sergey G and Mironova, Ludmila N},
issn = {0016-6731},
journal = {Genetics},
number = {1},
pages = {25--36},
pmid = {11805042},
title = {{Novel non-Mendelian determinant involved in the control of translation accuracy in \Saccer}},
volume = {160},
langid = {english},
year = {2002}
}

@article{Du2010,
author = {Du, Zhiqiang and Crow, Emily T and Kang, Hyun Seok and Li, Liming},
doi = {10.1128/MCB.00225-10},
file = {:media/drozdovapb/441DB6652D7ED741/Work/Papers/Prions/SWI/2010{\_}Du et al{\_}SWI regions.pdf:pdf},
issn = {1098-5549},
journal = {Molecular and cellular biology},
number = {19},
pages = {4644--55},
pmid = {20679490},
title = {{Distinct subregions of Swi1 manifest striking differences in prion transmission and SWI/SNF function}},
volume = {30},
langid = {english},
year = {2010}
}

@article{Haber1979,
author = {Haber, J E and George, J P},
issn = {0016-6731},
journal = {Genetics},
number = {1},
pages = {13--35},
pmid = {16118901},
publisher = {Genetics},
langid = {english},
title = {{A mutation that permits the expression of normally silent copies of mating-type information in \Saccer}},
volume = {93},
year = {1979}
}

@article{Hopper1975,
author = {Hopper, A K and Hall, B D},
issn = {0016-6731},
journal = {Genetics},
number = {1},
pages = {77--85},
pmid = {1093938},
publisher = {Genetics},
title = {{Mutation of a heterothallic strain to homothallism}},
langid = {english},
volume = {80},
year = {1975}
}

@article{Bertram2000,
issn = {1355-8382},
journal = {RNA},
keywords = {Alleles,Amino Acid Sequence,Blotting, Western,Codon, Terminator,Codon, Terminator: physiology,Conserved Sequence,Conserved Sequence: physiology,Escherichia coli,Escherichia coli: physiology,Eukaryotic Cells,Eukaryotic Cells: physiology,Models, Molecular,Molecular Sequence Data,Mutagenesis, Site-Directed,Peptide Termination Factors,Peptide Termination Factors: chemistry,Peptide Termination Factors: genetics,Peptide Termination Factors: metabolism,Peptide Termination Factors: physiology,Prokaryotic Cells,Prokaryotic Cells: physiology,Protein Biosynthesis,Protein Biosynthesis: physiology,Protein Conformation,Ribosomes,Ribosomes: metabolism,\Saccer,\Saccer: physiology,Sequence Homology, Amino Acid},
mendeley-groups = {Translation exp},
number = {9},
pages = {1236--47},
pmid = {10999601},
title = {Terminating eukaryote translation: domain 1 of release factor eRF1 functions in stop codon recognition},
author = {Bertram, G and Bell, H A and Ritchie, D W and Fullerton, G and Stansfield, I},
volume = {6},
year = {2000},
langid = {english}
}

@article{Chabelskaya2007,
author = {Chabelskaya, Svetlana and Gryzina, Valentina and Moskalenko, Svetlana and {Le Goff}, Catherine and Zhouravleva, Galina},
doi = {10.1186/1471-2199-8-71},
issn = {1471-2199},
journal = {BMC molecular biology},
keywords = {Adaptor Proteins,Base Sequence,Codon,Down-Regulation,Fungal,Gene Deletion,Gene Expression Regulation,Messenger,Messenger: genetics,Molecular Sequence Data,Nonsense,Nonsense: genetics,Peptide Termination Factors,Peptide Termination Factors: genetics,Peptide Termination Factors: metabolism,Phenotype,RNA,RNA Helicases,RNA Helicases: genetics,RNA Helicases: metabolism,RNA Stability,RNA Stability: genetics,RNA-Binding Proteins,RNA-Binding Proteins: genetics,RNA-Binding Proteins: metabolism,\Saccer,\Saccer Proteins,\Saccer Proteins: genetics,\Saccer Proteins: metabolism,\Saccer: cytology,\Saccer: genetics,\Saccer: growth {\&} development,\Saccer: metabolism,Signal Transducing,Trans-Activators,Trans-Activators: genetics,Trans-Activators: metabolism},
mendeley-groups = {fizgen},
pages = {71},
pmid = {17705828},
title = {{Inactivation of NMD increases viability of \textit{sup45} nonsense mutants in \Saccer}},
volume = {8},
year = {2007},
langid = {english},
}

@article{Chernoff1993,
author = {Chernoff, Y O and Derkach, I L and Inge-Vechtomov, S G},
issn = {0172-8083},
journal = {Current genetics},
keywords = {DNA, Fungal,Fungal Proteins,Fungal Proteins: genetics,Genes, Fungal,Peptide Termination Factors,Plasmids,Prions,\Saccer,\Saccer Proteins,\Saccer: genetics,Suppression, Genetic,Transformation, Genetic},
number = {3},
pages = {268--70},
pmid = {8221937},
title = {Multicopy \textit{SUP35} gene induces de-novo appearance of psi-like factors in the yeast \Saccer},
volume = {24},
year = {1993},
langid = {english},
}

@article{Derkatch1996,
author = {Derkatch, I. L. and Chernoff, Y. O. and Kushnirov, V. V. and Inge-Vechtomov, S. G. and Liebman, S. W.},
journal = {Genetics},
number = {4},
pages = {1375--1386},
title = {{Genesis and variability of [\textit{PSI}] prion factors in \Saccer}},
volume = {144},
langid = {english},
year = {1996}
}


%@article{Leeds1992,
%author = {Leeds, P and Wood, J M and Lee, B S and Culbertson, M R},
%issn = {0270-7306},
%journal = {Molecular and cellular biology},
%keywords = {Amino Acid Sequence,Base Sequence,Chromosome Deletion,Chromosome Mapping,Chromosomes, Bacterial,Cycloheximide,Cycloheximide: pharmacology,Fungal %Proteins,Fungal Proteins: genetics,Fungal Proteins: metabolism,Genes, Fungal,Molecular Sequence Data,Mutagenesis, Site-Directed,Paromomycin,Paromomycin: pharmacology,Protein Biosynthesis,RNA Helicases,RNA Precursors,RNA Precursors: genetics,RNA Precursors: metabolism,RNA, Messenger,RNA, Messenger: genetics,RNA, Messenger: metabolism,Restriction Mapping,\Saccer,\Saccer Proteins,\Saccer: drug effects,\Saccer: genetics,\Saccer: growth {\&} development,\Saccer: metabolism,Sequence Homology, Nucleic Acid,Trans-Activators,Transcription, Genetic},
%month = {may},
%number = {5},
%pages = {2165--77},
%pmid = {1569946},
%title = {{Gene products that promote mRNA turnover in \Saccer}},
%volume = {12},
%year = {1992},
%langid = {english}
%}

@article{Inge-Vechtomov1971ru,
author = {Инге-Вечтомов, С. Г.},
journal = {Генетика},
volume = {VII},
number = {9},
pages = {113--124},
title = {Идентификация некоторых групп сцепления у Петергофских генетических линий дрожжей},
langid = {russian},
year = {1971}
}

@article{Inge-Vechtomov1988ru,
author = {Инге-Вечтомов, С. Г. and Тиходеев, О. Н. and Карпова, Т. С.},
title = {Селективные системы для получения рецессивных рибосомных супрессоров у дрожжей сахаромицетов},
journal = {Генетика},
volume = {24},
number = {7},
pages = {1159--1165},
langid = {russian},
year = {1988}
}

@article{NC-IUB1985,
author = {(NC-IUB), Nomenclature Committee of the International Union of Biochemistry},
issn = {0264-6021},
journal = {The Biochemical journal},
keywords = {Base Sequence,Nucleic Acids,Terminology as Topic},
number = {2},
pages = {281--6},
pmid = {4038268},
title = {{Nomenclature for incompletely specified bases in nucleic acid sequences. Recommendations 1984}},
volume = {229},
year = {1985}
}

@article{IUPAC1984,
author = {IUPAC-IUB~JCBN.},
issn = {0264-6021},
journal = {The Biochemical journal},
number = {2},
pages = {345--73},
pmid = {6743224},
publisher = {Portland Press Ltd},
title = {{IUPAC-IUB Joint Commission on Biochemical Nomenclature (JCBN). Nomenclature and symbolism for amino acids and peptides. Recommendations 1983}},
volume = {219},
year = {1984},
langid = {english}
}


@article{Martin2004,
author = {Martin, Dietmar E and Soulard, Alexandre and Hall, Michael N},
doi = {10.1016/j.cell.2004.11.047},
issn = {0092-8674},
journal = {Cell},
number = {7},
pages = {969--79},
pmid = {15620355},
publisher = {Elsevier},
title = {{TOR regulates ribosomal protein gene expression via PKA and the Forkhead transcription factor FHL1}},
volume = {119},
year = {2004},
langid = {english},
}

@BOOK{Radchenkodisser,
author = {Радченко, Элина Александровна.},
title = {Роль гена \textit{SFP1} в контроле эффективности нонсенс-супрессии у дрожжей \Saccer: дис. ... канд. биол. наук: 03.02.07},
year = {2014},
langid = {russian},
address = {СПб.},
numpages = {140},
}

@BOOK{Volkovdisser,
author = {Волков, Кирилл Владимирович.},
title = {Новый  прионоподобный детерминант дрожжей \Saccer, вовлеченный в контроль трансляции: дис. ... канд. биол. наук: 03.00.15},
year = {2000},
langid = {russian},
address = {СПб.},
numpages = {130},
}


@article{Ueta2012,
author = {Ueta, Ryo and Fujiwara, Naoko and Iwai, Kazuhiro and Yamaguchi-Iwai, Yuko},
doi = {10.1128/MCB.00726-12},
issn = {1098-5549},
journal = {Molecular and cellular biology},
number = {24},
pages = {4998--5008},
pmid = {23045394},
title = {Iron-induced dissociation of the Aft1p transcriptional regulator from target gene promoters is an initial event in iron-dependent gene suppression},
volume = {32},
year = {2012},
langid = {english},
}

@article{Cyert2013,
author = {Cyert, M. S. and Philpott, C. C.},
doi = {10.1534/genetics.112.147207},
file = {:media/drozdovapb/441DB6652D7ED741/Work/Papers/Yeast biology/Reviews/2013{\_}Cyert, Philpott{\_}Regulation of cation balance in S.cer.{\_}REV.pdf:pdf},
issn = {0016-6731},
journal = {Genetics},
number = {3},
pages = {677--713},
title = {Regulation of cation balance in \Saccer},
volume = {193},
year = {2013},
langid = {english},
}

@article{Zaman2008,
author = {Zaman, Shadia and Lippman, Soyeon Im and Zhao, Xin and Broach, James R},
doi = {10.1146/annurev.genet.41.110306.130206},
issn = {0066-4197},
journal = {Annual review of genetics},
pages = {27--81},
pmid = {18303986},
title = {How \textit{Saccharomyces} responds to nutrients},
volume = {42},
year = {2008},
langid = {english},
}

@article{Plocik2012,
author = {Plocik, Alex M and Guthrie, Christine},
issn = {1553-7404},
journal = {PLoS genetics},
number = {3},
pages = {e1002620},
pmid = {22479208},
publisher = {Public Library of Science},
title = {Diverse forms of \textit{RPS9} splicing are part of an evolving autoregulatory circuit},
volume = {8},
year = {2012},
langid = {english},
}


@article{Balakrishnan2012,
author = {Balakrishnan, Rama and Park, Julie and Karra, Kalpana and Hitz, Benjamin C and Binkley, Gail and Hong, Eurie L and Sullivan, Julie and Micklem, Gos and Cherry, J Michael},
issn = {1758-0463},
journal = {Database},
pages = {bar062},
pmid = {22434830},
title = {{YeastMine--an integrated data warehouse for \Saccer data as a multipurpose tool-kit}},
volume = {2012},
year = {2012},
langid = {english},
}

@article{Supek2011,
author = {Supek, Fran and Bo{\v{s}}njak, Matko and {\v{S}}kunca, Nives and {\v{S}}muc, Tomislav},
doi = {10.1371/journal.pone.0021800},
editor = {Gibas, Cynthia},
issn = {1932-6203},
journal = {PloS one},
number = {7},
pages = {e21800},
pmid = {21789182},
publisher = {Public Library of Science},
title = {{REVIGO summarizes and visualizes long lists of gene ontology terms}},
volume = {6},
year = {2011},
langid = {english},
}

@manual{RCoreTeam2015,
address = {Vienna, Austria},
annote = {{\{}ISBN{\}} 3-900051-07-0},
author = {{R Core Team}},
organization = {R Foundation for Statistical Computing},
title = {{R: A Language and Environment for Statistical Computing}},
url = {http://www.r-project.org/},
year = {2015},
langid = {english}
}


@incollection{Smyth2005,
author = {Smyth, Gordon K},
booktitle = {Bioinformatics and computational biology solutions using {\{}R{\}} and Bioconductor},
editor = {Gentleman, R and Carey, V and Dudoit, S and Irizarry, R and Huber, W},
mendeley-groups = {Methods,chr2017{\_}paper{\_}cited},
pages = {397--420},
publisher = {Springer},
title = {{Limma: linear models for microarray data}},
url = {http://www.statsci.org/smyth/pubs/limma-biocbook-reprint.pdf},
year = {2005},
langid = {english}
}

@article{Foury2001,
author = {Foury, Fran{\c{c}}oise and Talibi, Driss},
doi = {10.1074/jbc.M005804200},
isbn = {0021-9258},
issn = {00219258},
journal = {Journal of Biological Chemistry},
number = {11},
pages = {7762--7768},
pmid = {11112771},
publisher = {American Society for Biochemistry and Molecular Biology},
title = {{Mitochondrial control of iron homeostasis. A genome wide analysis of gene expression in a yeast frataxin-deficient strain}},
volume = {276},
year = {2001},
langid = {english},
}

@article{Protchenko2001,
author = {Protchenko, O. and Ferea, T. and Rashford, J. and Tiedeman, J. and Brown, P. O. and Botstein, D. and Philpott, C. C.},
doi = {10.1074/jbc.M109220200},
journal = {Journal of Biological Chemistry},
number = {52},
pages = {49244--49250},
publisher = {American Society for Biochemistry and Molecular Biology},
title = {{Three cell wall mannoproteins facilitate the uptake of iron in \Saccer}},
volume = {276},
year = {2001},
langid = {english},
}

@article{Erdman1998,
author = {Erdman, Scott and Lin, Li and Malczynski, Michael and Snyder, Michael},
doi = {10.1083/jcb.140.3.461},
issn = {0021-9525},
journal = {Journal of Cell Biology},
number = {3},
pages = {461--483},
publisher = {Rockefeller University Press},
title = {{Pheromone-regulated genes required for yeast mating differentiation}},
volume = {140},
langid = {english},
year = {1998}
}

@BOOK{Aksenovadisser,
author = {Аксенова, Анна Юрьевна.},
title = {Идентификация и характеристика генов, влияющих на поддержание и фенотипическое проявление прионоподобного детерминанта \ISP, у дрожжей \Saccer: дис. ... канд. биол. наук: 03.02.07},
year = {2006},
langid = {russian},
address = {СПб.},
numpages = {140},
}

@article{Song2015,
author = {Song, Giltae and Dickins, Benjamin J A and Demeter, Janos and Engel, Stacia and Dunn, Barbara and Cherry, J Michael},
doi = {10.1371/journal.pone.0120671},
issn = {1932-6203},
journal = {PloS one},
number = {3},
pages = {e0120671},
pmid = {25781462},
title = {{AGAPE (Automated Genome Analysis PipelinE) for pan-genome analysis of \Saccer}},
volume = {10},
langid = {english},
year = {2015}
}

@article{Strope2015,
journal = {Genome Research},
author = {Strope, P K and Skelly, D A and Kozmin, S G and Mahadevan, G and Stone, E A and Magwene, P M and Dietrich, F S and McCusker, J H},
pages = {1--13},
title = {{The 100-genomes strains, an \Scer resource that illuminates its natural phenotypic and genotypic variation and emergence as an opportunistic pathogen}},
volume = {25},
year = {2015},
langid = {english}
}

@article{Volkov2000ru,
author = {Волков, К. В. and Куришко, К. and Инге-Вечтомов, С. Г. and Миронова, Л. Н.},
journal = {Молекулярная биология},
volume = {35},
issue = {2},
pages = {1--4},
year = {2000},
langid = {russian},
title = {Полиморфизм гена \textit{SUP35} и его продукта у дрожжей \Saccer}
}

@article{Moskalenko2003,
author = {Moskalenko, SE and Chabelskaya, SV and Inge-Vechtomov, SG and Philippe, M and Zhouravleva, GA},
journal = {BMC molecular biology},
number = {2},
pages = {1--15},
title = {Viable nonsense mutants for the essential gene \textit{SUP45} of \Saccer},
volume = {4},
langid = {english},
year = {2003}
}

@article{Hanahan1985,
author = {Hanahan, Douglas},
journal = {DNA cloning},
pages = {109--135},
title = {{Techniques for transformation of E. coli}},
volume = {1},
langid = {english},
year = {1985}
}

@article{Zhouravleva1995,
author = {Zhouravleva, Galina and Frolova, Lyudmila and {Le Goff}, Xavier and {Le Guellec}, Ren{\'{e}} and Inge-Vechtomov, Sergey and Kisselev, Lev and Philippe, Michel},
journal = {The EMBO Journal},
number = {16},
pages = {4065--4072},
title = {{Termination of translation in eukaryotes is governed by two interacting polypeptide chain release factors, eRF1 and eRF3}},
volume = {14},
year = {1995},
langid = {english}
}

@book{Kaiser1994,
address = {NY},
author = {Kaiser, Chris and Michaelis, Susan and Mitchell, Aaron},
edition = {1994 Edition},
isbn = {0879694513},
number = {316},
pages = {234},
publisher = {CSHL PRESS},
title = {{Methods in Yeast Genetics}},
year = {1994},
langid = {english}
}

@article{Davis-Kaplan2004,
author = {Davis-Kaplan, Sandra R and Ward, Diane McVey and Shiflett, Shelly L and Kaplan, Jerry},
issn = {0021-9258},
journal = {Journal of Biological Chemistry},
number = {6},
pages = {4322--9},
pmid = {14594803},
title = {Genome-wide analysis of iron-dependent growth reveals a novel yeast gene required for vacuolar acidification},
volume = {279},
year = {2004},
langid = {english}
}

@article{Cankorur-Cetinkaya2012,
author = {Cankorur-Cetinkaya, Ayca and Dereli, Elif and Eraslan, Serpil and Karabekmez, Erkan and Dikicioglu, Duygu and Kirdar, Betul},
doi = {10.1371/journal.pone.0038351},
issn = {1932-6203},
journal = {PloS one},
number = {6},
pages = {e38351},
pmid = {22675547},
title = {A novel strategy for selection and validation of reference genes in dynamic multidimensional experimental design in yeast},
volume = {7},
year = {2012},
langid = {english}
}


@article{Bester2012,
author = {Bester, Michael C and Jacobson, Dan and Bauer, Florian F},
doi = {10.1534/g3.111.001644},
file = {::},
issn = {2160-1836},
journal = {G3},
language = {en},
number = {1},
pages = {131--141},
pmid = {22384390},
publisher = {Genetics Society of America},
title = {{Many \Saccer cell wall protein encoding genes are coregulated by Mss11, but cellular adhesion phenotypes appear only Flo protein dependent}},
volume = {2},
langid = {english},
year = {2012}
}


@article{Cox1964,
author = {Cox, B.S.},
journal = {Genetics},
mendeley-tags = {[PSI+],first,prions},
pages = {505--521},
title = {{$\Psi$, a cytoplasmic suppresor of super-suppressor in yeast}},
volume = {20},
year = {1965},
langid = {english}
}

@article{Derkatch1997,
author = {Derkatch, I L and Bradley, M E and Zhou, Ping and Chernoff, Y O and Liebman, S W},
file = {:media/drozdovapb/441DB6652D7ED741/Work/Papers/Prions/PIN/1997{\_}Derkatch et al{\_}Factors affecting PSI.pdf:pdf},
journal = {Genetics},
number = {2},
pages = {507--519},
pmid = {9335589},
title = {{Genetic and environmental factors affecting the de novo appearance of the \PSI prion in \Saccer}},
volume = {147},
year = {1997},
langid = {english}
}


@article{Taylor2012,
doi = {10.1073/pnas.1216730109},
author = {Taylor, Derek and Unbehaun, Anett and Li, Wen and Das, Sanchaita and Lei, Jianlin and Liao, Hstau Y and Grassucci, Robert a and Pestova, Tatyana V and Frank, Joachim},
isbn = {1091-6490 (Electronic)$\backslash$n0027-8424 (Linking)},
issn = {1091-6490},
journal = {PNAS U. S. A.},
number = {45},
pages = {18413--18418},
pmid = {23091004},
title = {{Cryo-EM structure of the mammalian eukaryotic release factor eRF1-eRF3-associated termination complex}},
volume = {109},
year = {2012},
langid = {english}
}

@article{Valouev2004,
author = {Valouev, I A and Urakov, V N and Kochneva-Pervukhova, N V and Smirnov, V N and Ter-Avanesyan, M D},
doi = {10.1111/j.1365-2958.2004.04157.x},
issn = {0950-382X},
journal = {Molecular microbiology},
number = {2},
pages = {687--96},
pmid = {15228544},
title = {{Translation termination factors function outside of translation: yeast eRF1 interacts with myosin light chain, Mlc1p, to effect cytokinesis}},
volume = {53},
year = {2004},
langid = {english}
}

@article{Merritt2010,
author = {Merritt, Gloria H. and Naemi, Wesley R. and Mugnier, Pierre and Webb, Helen M. and Tuite, Mick F. and von der Haar, Tobias},
doi = {10.1093/nar/gkq338},
isbn = {0305-1048},
issn = {13624962},
journal = {NAR},
number = {16},
pages = {5479--5492},
pmid = {20444877},
publisher = {Oxford University Press},
title = {{Decoding accuracy in eRF1 mutants and its correlation with pleiotropic quantitative traits in yeast}},
volume = {38},
year = {2010},
langid = {english}
}

@article{Saito2015,
author = {Saito, Kazuki and Ito, Koichi},
doi = {10.1093/nar/gkv376},
issn = {13624962},
journal = {NAR},
number = {9},
pages = {4591--4601},
pmid = {25897120},
title = {{Genetic analysis of L123 of the 	tRNA-mimicking eukaryote release factor eRF1, an amino acid residue critical for discrimination of stop codons}},
volume = {43},
year = {2015},
langid = {english}
}

@article{Moskalenko2004ru,
author = {Москаленко, С Е and Журавлева, Г А and Соом, М Я and Шабельская, С В and Волков, К В and Землянко, О М and Филипп, М and Миронова, Л Н and Инге-Вечтомов, С Г},
journal = {Генетика},
volume = {40},
number = {5},
pages = {1--8},
title = {Характеристика миссенс-мутаций в гене \textit{SUP45} дрожжей \Saccer, кодирующем фактор терминации трансляции eRF1},
year = {2004},
langid = {russian}
}

@article{Bradley2003,
author = {Bradley, Michael E and Bagriantsev, Sviatoslav and Vishveshwara, Namitha and Liebman, Susan W and Wiley, John},
journal = {Yeast},
number = {7},
pages = {625--32},
pmid = {12734800},
title = {Guanidine reduces stop codon read-through caused by missense mutations in \textit{SUP35} or \textit{SUP45}},
volume = {20},
year = {2003},
langid = {english}
}

@article{Breining1986,
author = {Breining, Peter and Piepersberg, Wolfgang},
doi = {10.1093/nar/14.13.5187},
file = {::},
issn = {0305-1048},
journal = {NAR},
number = {13},
pages = {5187--5197},
publisher = {Oxford University Press},
title = {{Yeast omnipotent supressor \textit{SUP1} (\textit{SUP45}): nucleotide sequence of the wildtype and a mutant gene}},
volume = {14},
year = {1986},
langid = {english}
}

@article{Hatin2009,
author = {Hatin, Isabelle and Fabret, Celine and Rousset, Jean-Pierre and Namy, Olivier},
doi = {10.1093/nar/gkp012},
issn = {1362-4962},
journal = {Nucleic acids research},
number = {6},
pages = {1789--98},
pmid = {19174561},
title = {{Molecular dissection of translation termination mechanism identifies two new critical regions in eRF1}},
volume = {37},
year = {2009},
langid = {english}
}

@incollection{Tuite1990,
  title={Control of translational accuracy in yeast: the role of the SAL4 (SUP45) protein},
  author={Tuite, Mick F and Firoozan, Mandy and Duarte, Julio AB and Grant, Chris M and others},
  booktitle={Post-Transcriptional Control of Gene Expression},
  pages={611--622},
  year={1990},
  publisher={Springer},
  langid={english}
}


@article{Botstein2011,
author = {Botstein, David and Fink, Gerald R},
issn = {1943-2631},
journal = {Genetics},
number = {3},
pages = {695--704},
pmid = {22084421},
title = {{Yeast: an experimental organism for 21st Century biology}},
volume = {189},
year = {2011},
langid = {english}
}

@book{Lindegren1949,
author = {Lindegren, Carl C},
edition = {1},
pages = {396},
publisher = {(Educational Publishers, Inc.)},
title = {{The yeast cell, its genetic and cytology}},
year = {1949},
langid = {english}
}

@article{Kruis1918,
author = {Kruis, K and Satava, J O},
journal = {Nakl. C. Akad. Praha},
title = {{O vyvoji a kliceni spor jakoz i sexual ite kvasinek}},
year = {1918},
langid = {english}
}

@book{Winge1935,
author = {Winge, {\"{O}}jvind},
publisher = {Hagerup in Komm.},
title = {{On haplophase and diplophase in some Saccharomycetes}},
year = {1935},
langid = {english}
}


@article{Sanger1975,
author = {Sanger, F and Coulson, A R},
issn = {0022-2836},
journal = {Journal of molecular biology},
keywords = {Base Sequence,Biochemical Phenomena,Biochemistry,Coliphages,Coliphages: analysis,Coliphages: enzymology,DNA Nucleotidyltransferases,DNA Restriction Enzymes,DNA, Single-Stranded,DNA, Single-Stranded: analysis,DNA, Viral,DNA, Viral: analysis,Deoxyribonucleotides,Escherichia coli,Escherichia coli: enzymology},
number = {3},
pages = {441--448},
pmid = {1100841},
title = {{A rapid method for determining sequences in DNA by primed synthesis with DNA polymerase}},
volume = {94},
year = {1975},
langid = {english}
}

@article{Sanger1977,
author = {Sanger, F and Nicklen, S and Coulson, A R},
issn = {0027-8424},
journal = {PNAS U. S. A.},
number = {12},
pages = {5463--7},
pmid = {271968},
title = {{DNA sequencing with chain-terminating inhibitors}},
volume = {74},
year = {1977},
langid = {english}
}

@article{Maxam1977,
author = {Maxam, A M and Gilbert, W},
file = {::},
issn = {0027-8424},
journal = {PNAS U. S. A.},
number = {2},
pages = {560--564},
pmid = {265521},
title = {{A new method for sequencing DNA}},
volume = {74},
year = {1977},
langid = {english}
}



@article{Valenzuela1977,
author = {Valenzuela, Pable and Bell, Graeme I. and Masoarz, Frank R. and Degennaro, Louis J. and Rutter, William J.},
doi = {10.1038/267641a0},
issn = {0028-0836},
journal = {Nature},
number = {5612},
pages = {641--643},
shorttitle = {Nature},
title = {{Nucleotide sequence of the yeast 5S ribosomal RNA gene and adjacent putative control regions}},
volume = {267},
year = {1977},
langid = {english}
}


@article{Rubtsov1980,
author = {Rubtsov, P.M. and Musakhanov, M.M. and Zakharyev, V.M. and Krayev, A.S. and Skryabin, K.G. and Bayev, A.A.},
doi = {10.1093/nar/8.23.5779},
issn = {0305-1048},
journal = {NAR},
number = {23},
pages = {5779--5794},
title = {{The structure of the yeast ribosomal RNA genes. I. The complete nucleotide sequence of the 18S ribosomal RNA gene from \Saccer}},
volume = {8},
year = {1980},
langid = {english}
}

@article{Gallwitz1980,
author = {Gallwitz, D. and Sures, I.},
issn = {0027-8424},
journal = {PNAS U. S. A.},
number = {5},
pages = {2546--2550},
title = {{Structure of a split yeast gene: complete nucleotide sequence of the actin gene in \Saccer}},
volume = {77},
year = {1980},
langid = {english}
}

@book{Inge-VechtomovKarpova1993,
author = {Инге-Вечтомов, С. Г. and Карпова, Т. С.},
editor = {Мироновой, Л. Н.},
pages = {252},
publisher = {Издательство С.-Петербургского университета},
title = {{Частная генетика дрожжей-сахаромицетов}},
year = {1993},
langid = {russian}
}

@article{Engel2014,
author = {Engel, Stacia R and Dietrich, Fred S and Fisk, Dianna G and Binkley, Gail and Balakrishnan, Rama and Costanzo, Maria C and Dwight, Selina S and Hitz, Benjamin C and Karra, Kalpana and Nash, Robert S and Weng, Shuai and Wong, Edith D and Lloyd, Paul and Skrzypek, Marek S and Miyasato, Stuart R and Simison, Matt and Cherry, J Michael},
doi = {10.1534/g3.113.008995},
issn = {2160-1836},
journal = {G3},
number = {3},
pages = {389--98},
pmid = {24374639},
title = {{The reference genome sequence of \Saccer: then and now}},
volume = {4},
year = {2014},
langid = {english}
}


@article{Goffeau1996,
author = {Goffeau, A and Barrell, B G and Bussey, H and Davis, R W and Dujon, B and Feldmann, H and Galibert, F and Hoheisel, J D and Jacq, C and Johnston, M and Louis, E J and Mewes, H W and Murakami, Y and Philippsen, P and Tettelin, H and Oliver, S G},
issn = {0036-8075},
journal = {Science},
number = {5287},
pages = {546, 563--567},
pmid = {8849441},
title = {{Life with 6000 genes}},
volume = {274},
year = {1996},
langid = {english}
}

@article{Kushnirov1988,
author = {Kushnirov, V V and Ter-Avanesyan, M D and Telckov, M V and Surguchov, a P and Smirnov, V N and Inge-Vechtomov, S G},
issn = {0378-1119},
journal = {Gene},
number = {1},
pages = {45--54},
pmid = {3047009},
title = {{Nucleotide sequence of the \textit{SUP2} (\textit{SUP35}) gene of \Saccer}},
volume = {66},
year = {1988},
langid = {english}
}

@article{Bergstrom2014,
author = {Bergstr{\"{o}}m, Anders and Simpson, Jared T and Salinas, Francisco and Barr{\'{e}}, Benjamin and Parts, Leopold and Zia, Amin and {Nguyen Ba}, Alex N and Moses, Alan M and Louis, Edward J and Mustonen, Ville and Warringer, Jonas and Durbin, Richard and Liti, Gianni},
doi = {10.1093/molbev/msu037},
issn = {1537-1719},
journal = {Molecular biology and evolution},
number = {4},
pages = {872--88},
pmid = {24425782},
title = {{A high-definition view of functional genetic variation from natural yeast genomes}},
volume = {31},
year = {2014},
langid = {english}
}

@article{Liti2009,
author = {Liti, Gianni and Carter, David M and Moses, Alan M and Warringer, Jonas and Parts, Leopold and James, Stephen A and Davey, Robert P and Roberts, Ian N and Burt, Austin and Koufopanou, Vassiliki and Tsai, Isheng J and Bergman, Casey M and Bensasson, Douda and O'Kelly, Michael J T and van Oudenaarden, Alexander and Barton, David B H and Bailes, Elizabeth and Nguyen, Alex N and Jones, Matthew and Quail, Michael a and Goodhead, Ian and Sims, Sarah and Smith, Frances and Blomberg, Anders and Durbin, Richard and Louis, Edward J},
doi = {10.1038/nature07743},
journal = {Nature},
number = {7236},
pages = {337--41},
pmid = {19212322},
publisher = {Nature Publishing Group},
shorttitle = {Nature},
title = {{Population genomics of domestic and wild yeasts}},
volume = {458},
year = {2009},
langid = {english}
}

@article{Culotta1994,
author = {Culotta, V C and Howard, W R and Liu, X F},
issn = {0021-9258},
journal = {Journal of Biological Chemistry},
number = {41},
pages = {25295--302},
pmid = {7929222},
publisher = {American Society for Biochemistry and Molecular Biology},
title = {{\textit{CRS5} encodes a metallothionein-like protein in \Saccer}},
volume = {269},
year = {1994},
langid = {english}
}

@article{Adamo2012,
author = {Adamo, G. M. and Lotti, M. and Tamas, M. J. and Brocca, S.},
doi = {10.1099/mic.0.058024-0},
issn = {1350-0872},
journal = {Microbiology},
number = {9},
pages = {2325--2335},
publisher = {Microbiology Society},
title = {{Amplification of the \textit{CUP1} gene is associated with evolution of copper tolerance in \Saccer}},
volume = {158},
year = {2012},
langid = {english}
}


@article{Kobayashi1996,
author = {Kobayashi, O. and Suda, H. and Ohtani, T. and Sone, H.},
doi = {10.1007/BF02174120},
issn = {0026-8925},
journal = {Molecular {\&} General Genetics},
number = {6},
pages = {707--715},
publisher = {Springer-Verlag},
title = {{Molecular cloning and analysis of the dominant flocculation gene \textit{FLO8} from \Saccer}},
volume = {251},
year = {1996},
langid = {english}
}


@article{LiuStylesFink1996,
author = {Liu, Haoping and Styles, Cora Ann and Fink, Gerald R.},
isbn = {0016-6731 (Print)},
issn = {00166731},
journal = {Genetics},
number = {3},
pages = {967--978},
pmid = {8913742},
title = {{\Saccer S288C has a mutation in \textit{FLO8}, a gene required for filamentous growth}},
volume = {144},
year = {1996},
langid = {english}
}


@article{Li2013,
author = {Li, Jiarui and Wang, Lin and Wu, Xiaoping and Fang, Ou and Wang, Luwen and Lu, Chenqi and Yang, Shengjie and Hu, Xiaohua and Luo, Zewei},
issn = {1756-1663},
journal = {DNA research},
number = {1},
pages = {55--66},
pmid = {23284084},
publisher = {Oxford University Press},
title = {{Polygenic molecular architecture underlying non-sexual cell aggregation in budding yeast}},
volume = {20},
year = {2013},
langid = {english}
}


@article{Petrova2015,
author = {Petrova, Alexandra and Kiktev, Denis and Askinazi, Olga and Chabelskaya, Svetlana and Moskalenko, Svetlana and Zemlyanko, Olga and Zhouravleva, Galina},
file = {:media/drozdovapb/441DB6652D7ED741/Work/Papers/fizgen/eng/2015 FEMS.pdf:pdf},
journal = {FEMS Yeast Research},
issn = {1567-1364},
keywords = {budding,camp,cycloheximide,erf1,erf3,hygromycin b,nonsense mutations,paromomycin,pseudohyphal growth,translation termination},
number = {October 2014},
pages = {1--13},
title = {{The translation termination factor eRF1 (Sup45p) of \Saccer is required for pseudohyphal growth and invasion}},
volume = {3},
year = {2015},
langid = {english}
}

@article{ZhouravlevaPetrova2010ru,
author = {Журавлева, Г А and Петрова, А В},
title = {Нарушение псевдогифального роста у мутантов по фактору терминации трансляции eRF1 дрожжей \Saccer},
journal = {Доклады академии наук},
year = {2010},
volume = {433},
issue = {5},
pages = {707--709},
langid = {russian}
}


@article{Borneman2015,
author = {Borneman, Anthony R and Pretorius, Isak S},
doi = {10.1534/genetics.114.173633},
issn = {1943-2631},
journal = {Genetics},
number = {2},
pages = {281--291},
pmid = {25657346},
title = {{Genomic insights into the \textit{Saccharomyces sensu stricto} complex}},
volume = {199},
year = {2015},
langid = {english}
}

@article{Borneman2016,
author = {Borneman, Anthony R and Forgan, Angus H and Kolouchova, Radka and Fraser, James A and Schmidt, Simon A},
issn = {2160-1836},
journal = {G3},
pmid = {26869621},
title = {{Whole Genome Comparison Reveals High levels of inbreeding and strain redundancy across the spectrum of commercial wine strains of \Saccer}},
year = {2016},
langid = {english}
}

@article{Wei2007,
author = {Wei, Wu and McCusker, John H and Hyman, Richard W and Jones, Ted and Ning, Ye and Cao, Zhiwei and Gu, Zhenglong and Bruno, Dan and Miranda, Molly and Nguyen, Michelle and Wilhelmy, Julie and Komp, Caridad and Tamse, Raquel and Wang, Xiaojing and Jia, Peilin and Luedi, Philippe and Oefner, Peter J and David, Lior and Dietrich, Fred S and Li, Yixue and Davis, Ronald W and Steinmetz, Lars M},
issn = {0027-8424},
journal = {PNAS U. S. A.},
number = {31},
pages = {12825--30},
pmid = {17652520},
title = {{Genome sequencing and comparative analysis of \Saccer strain YJM789}},
volume = {104},
year = {2007},
langid = {english}
}

@article{Goto1990,
author = {Goto, Kuniyasu and Iwatuki, Yasuhiro and Kitano, Kazuyosi and Obata, Takaji and Kara, Shodo},
doi = {10.1271/bbb1961.54.979},
issn = {0002-1369},
journal = {Agricultural and Biological Chemistry},
number = {4},
pages = {979--984},
title = {{Cloning and nucleotide sequence of the \textit{KHR} killer gene of \Saccer}},
volume = {54},
year = {1990},
langid = {english}
}

@article{Ness1995,
author = {Ness, F and Aigle, M},
issn = {0016-6731},
journal = {Genetics},
number = {3},
pages = {945--56},
pmid = {7672593},
title = {\textit{RTM1}: a member of a new family of telomeric repeated genes in yeast},
volume = {140},
year = {1995},
langid = {english}
}

@article{Manente2009,
author = {Manente, Myriam and Ghislain, Michel},
doi = {10.1111/j.1567-1364.2009.00513.x},
issn = {15671356},
journal = {FEMS Yeast Research},
number = {5},
pages = {673--687},
pmid = {19416366},
publisher = {The Oxford University Press},
title = {{The lipid-translocating exporter family and membrane phospholipid homeostasis in yeast}},
volume = {9},
year = {2009},
langid = {english}
}

@article{Carlson1983,
author = {Carlson, M and Botstein, D},
issn = {0270-7306},
journal = {Molecular and Cellular Biology},
number = {3},
pages = {351--359},
publisher = {American Society for Microbiology},
title = {{Organization of the \textit{SUC} gene family in \textit{Saccharomyces}}},
volume = {3},
year = {1983},
langid = {english}
}

@article{Borneman2011,
author = {Borneman, Anthony R and Desany, Brian A and Riches, David and Affourtit, Jason P and Forgan, Angus H and Pretorius, Isak S and Egholm, Michael and Chambers, Paul J},
issn = {1553-7404},
journal = {PLoS genetics},
number = {2},
pages = {e1001287},
pmid = {21304888},
title = {{Whole-genome comparison reveals novel genetic elements that characterize the genome of industrial strains of \Saccer}},
volume = {7},
year = {2011},
langid = {english}
}


@article{Samanfar2014,
author = {Samanfar, Bahram and Tan, Le Hoa and Shostak, Kristina and Chalabian, Firoozeh and Wu, Zongbin and Alamgir, Md and Sunba, Noor and Burnside, Daniel and Omidi, Katayoun and Hooshyar, Mohsen and {Galv{\'{a}}n M{\'{a}}rquez}, Imelda and Jessulat, Matthew and Smith, Myron L and Babu, Mohan and Azizi, Ali and Golshani, Ashkan},
issn = {1742-2051},
journal = {Molecular bioSystems},
number = {4},
pages = {916--924},
pmid = {24535059},
publisher = {The Royal Society of Chemistry},
title = {{A global investigation of gene deletion strains that affect premature stop codon bypass in yeast, \Saccer}},
volume = {10},
year = {2014},
langid = {english}
}

@article{Song1989,
author = {Song, J. M. and Picologlou, S. and Grant, C. M. and Firoozan, M. and Tuite, M. F. and Liebman, S.},
isbn = {0270-7306},
issn = {0270-7306},
journal = {Molecular and cellular biology},
number = {10},
pages = {4571--5},
publisher = {American Society for Microbiology (ASM)},
title = {{Elongation factor EF-1 alpha gene dosage alters translational fidelity in \Saccer}},
volume = {9},
year = {1989},
langid = {english}
}

@article{Matveenko2013ru,
author = {Матвеенко, А. Г. and Землянко, О. М. and Журавлева, Г. А.},
journal = {Молекулярная биология},
volume = {47},
number = {4},
pages = {609--617},
langid = {russian},
title = {Идентификация генов \Saccer, влияющих на синтетическую летальность приона \PSI с мутациями в гене \textit{SUP45}},
year = {2013}
}

@article{Dzialo2014,
author = {Dzialo, Maria C. and Travaglini, Kyle J. and Shen, Sean and Roy, Kevin and Chanfreau, Guillaume F. and Loo, Joseph A. and Clarke, Steven G.},
doi = {10.1074/jbc.M114.605527},
issn = {0021-9258},
journal = {Journal of Biological Chemistry},
number = {44},
pages = {30511--30524},
publisher = {American Society for Biochemistry and Molecular Biology},
title = {Translational roles of elongation factor 2 protein lysine methylation},
volume = {289},
year = {2014},
langid = {english}
}

@article{Bar2008,
author = {B{\"{a}}r, Christian and Zabel, Ren{\'{e}} and Liu, Shihui and Stark, Michael J R and Schaffrath, Raffael},
doi = {10.1111/j.1365-2958.2008.06350.x},
file = {::},
issn = {0950382X},
journal = {Molecular Microbiology},
number = {5},
pages = {1221--1233},
pmid = {18627462},
publisher = {Blackwell Publishing Ltd},
title = {{A versatile partner of eukaryotic protein complexes that is involved in multiple biological processes: Kti11/Dph3}},
volume = {69},
year = {2008},
langid = {english}
}


@article{Vincent1992,
author = {Vincent, A and Liebman, S W},
issn = {0016-6731},
journal = {Genetics},
mendeley-groups = {Ribosomes},
number = {2},
pages = {375--86},
pmid = {1427034},
title = {{The yeast omnipotent suppressor \textit{SUP46} encodes a ribosomal protein which is a functional and structural homolog of the Escherichia coli S4 ram protein}},
volume = {132},
year = {1992},
langid = {english}
}


@article{Kuenzler1993,
author = {Kuenzler, M and Balmelli, T and Egli, C M and Paravicini, G and Braus, G H},
file = {:media/drozdovapb/441DB6652D7ED741/Work/Papers/Yeast biology/1993{\_}Kuenzler{\_}HIS7.pdf:pdf},
journal = {J. Bacteriol.},
number = {17},
pages = {5548--5558},
title = {{Cloning, primary structure, and regulation of the \textit{HIS7} gene encoding a bifunctional glutamine amidotransferase: cyclase from \Saccer}},
volume = {175},
year = {1993},
langid = {english}
}

@article{Sinha1971,
author = {Sinha, A K and Bhattacharjee, J K},
doi = {10.1042/bj1250743},
file = {::},
issn = {0264-6021},
journal = {The Biochemical journal},
number = {3},
pages = {743--9},
pmid = {4401608},
publisher = {Portland Press Limited},
title = {{Lysine biosynthesis in Saccharomyces. Conversion of \textalpha-aminoadipate into \textalpha-aminoadipic-semialdehyde}},
volume = {125},
year = {1971},
langid = {english}
}

@article{Murina2010ru,
author = {Мурина, О. А. and Москаленко, С. Е. and Журавлева, Г. А.},
journal = {Молекулярная биология},
volume = {44},
number = {2},
pages = {301--310},
langid = {russian},
title = {Сверхэкспрессия генов, кодирующих тРНК\up{Tyr} и тРНК\up{Gln}, повышает жизнеспособность нонсенс-мутантов по гену \textit{SUP45} дрожжей \Saccer},
year = {2013}
}


@article{Ralser2012,
author = {Ralser, Meryem and Kuhl, Heiner},
journal = {Open biology},
title = {{The \Saccer W303-K6001 cross-platform genome sequence: insights into ancestry and physiology of a laboratory mutt}},
year = {2012},
volume = {2},
issue = {8},
pages = {120093},
langid = {english}
}

@article{Brown2009,
author = {Brown, Jessica C S and Lindquist, Susan},
doi = {10.1101/gad.1839109},
issn = {1549-5477},
journal = {Genes {\&} development},
number = {19},
pages = {2320--2332},
pmid = {19797769},
title = {{A heritable switch in carbon source utilization driven by an unusual yeast prion}},
volume = {23},
year = {2009},
langid = {english}
}


@incollection{Staniforth2012,
author = {Staniforth, Gemma L and Tuite, Mick F},
booktitle = {Progress in molecular biology and translational science},
doi = {10.1016/B978-0-12-385883-2.00007-2},
edition = {1},
file = {:media/drozdovapb/441DB6652D7ED741/Work/Papers/Prions/Reviews/2012{\_}Staniforth,Tuite{\_}Fungal prions.pdf:pdf},
isbn = {9780123858832},
issn = {1878-0814},
pages = {417--56},
pmid = {22482457},
publisher = {Elsevier Inc.},
title = {{Fungal prions}},
volume = {107},
langid = {english},
year = {2012}
}

@article{Turner2012,
author = {Turner, Jonathan J and Ewald, Jennifer C and Skotheim, Jan M},
doi = {10.1016/j.cub.2012.02.041},
issn = {1879-0445},
journal = {Current biology},
number = {9},
pages = {R350--9},
pmid = {22575477},
publisher = {Elsevier Ltd},
title = {{Cell size control in yeast}},
volume = {22},
year = {2012},
langid = {english}
}

@article{Kapp2004,
author = {Kapp, Lee D. and Lorsch, Jon R.},
journal = {Annual review of biochemistry},
number = {1},
pages = {657--704},
pmid = {15189156},
publisher = {Annual Reviews 4139 El Camino Way, P.O. Box 10139, Palo Alto, CA 94303-0139, USA},
title = {{The molecular mechanics of eukaryotic translation}},
volume = {73},
year = {2004},
langid = {english}
}


@article{Palmer1979,
author = {Palmer, Edward and Wilhelm, James M. and Sherman, Fred},
doi = {10.1016/0022-2836(79)90311-5},
issn = {00222836},
journal = {Journal of Molecular Biology},
number = {1},
pages = {107--110},
publisher = {Academic Press},
title = {{Variation of phenotypic suppression due to the Psi and psi extrachromosomal determinants in yeast}},
volume = {128},
year = {1979},
langid = {english}
}

@incollection{Yadavalli2012,
author = {Yadavalli, Srujana S. and Ibba, Michael},
booktitle = {Advances in Protein Chemistry and Structural Biology},
doi = {10.1016/B978-0-12-386497-0.00001-3},
isbn = {9780123864970},
issn = {18761623},
pages = {1--43},
title = {{Chapter 1 – Quality control in aminoacyl-tRNA synthesis: Its role in translational fidelity}},
volume = {86},
year = {2012},
langid = {english}
}

@article{Gingold2011,
author = {Gingold, Hila and Pilpel, Yitzhak},
doi = {10.1038/msb.2011.14},
isbn = {1744-4292 (Electronic)$\backslash$n1744-4292 (Linking)},
issn = {1744-4292},
journal = {Molecular Systems Biology},
number = {481},
pages = {481},
pmid = {21487400},
publisher = {EMBO Press},
title = {{Determinants of translation efficiency and accuracy}},
volume = {7},
year = {2011},
langid = {english}
}

@article{IngeVechtomov1969ru,
author = {Инге-Вечтомов, С. Г.},
title = {Точность реализации генетической информации},
journal = {Вестник РАН},
volume = {8},
number = {25},
year = {1969},
pages = {25--30},
langid = {russian}
}

@article{Dever2016,
author = {Dever, Thomas E and Kinzy, Terri Goss and Pavitt, Graham D},
doi = {10.1534/genetics.115.186221},
issn = {19432631},
journal = {Genetics},
keywords = {GCN4,Translation elongation,Translation initiation},
number = {1},
pages = {65--107},
title = {{Mechanism and regulation of protein synthesis in \Saccer}},
volume = {203},
year = {2016},
langid = {english}
}


@article{Hinnebusch2005,
author = {Hinnebusch, Alan G.},
doi = {10.1146/annurev.micro.59.031805.133833},
issn = {0066-4227},
journal = {Annual Review of Microbiology},
keywords = {Gcn2,eIF2,eIF2B,initiation factors,protein synthesis},
number = {1},
pages = {407--450},
publisher = {Annual Reviews},
title = {{Translational regulation of \textit{GCN4} and the general amino acid control of yeast}},
volume = {59},
year = {2005},
langid = {english}
}


@article{Dever2012,
author = {Dever, Thomas E and Green, Rachel},
doi = {10.1101/cshperspect.a013706},
file = {:media/drozdovapb/441DB6652D7ED741/Work/Papers/Prions/Reviews/2012{\_}Dever, Green{\_}The elongation, termination, and recycling phases of translation in eukaryotes.PDF:PDF},
issn = {1943-0264},
journal = {Cold Spring Harbor perspectives in biology},
keywords = {Eukaryotic Cells,Eukaryotic Cells: metabolism,Peptide Elongation Factors,Peptide Elongation Factors: metabolism,Protein Biosynthesis,Terminator Regions, Genetic},
number = {7},
pages = {a013706},
pmid = {22751155},
title = {{The elongation, termination, and recycling phases of translation in eukaryotes}},
volume = {4},
year = {2012},
langid = {english}
}


@article{Yona2012,
author = {Yona, Avihu H and Manor, Yair S and Herbst, Rebecca H and Romano, Gal H and Mitchell, Amir and Kupiec, Martin and Pilpel, Yitzhak and Dahan, Orna},
doi = {10.1073/pnas.1211150109},
file = {:media/drozdovapb/441DB6652D7ED741/Work/Papers/Aneuploidy/2012{\_}Yona et al(Dahan){\_}Chromosomal duplication as a transient solution.pdf:pdf},
issn = {1091-6490},
journal = {PNAS U. S. A.},
mendeley-groups = {chr2017{\_}paper{\_}cited},
mendeley-tags = {aneuploidy},
number = {51},
pages = {21010--5},
pmid = {23197825},
title = {{Chromosomal duplication is a transient evolutionary solution to stress}},
volume = {109},
year = {2012},
langid = {english}
}


@article{Ferreira2001,
author = {Ferreira, Paulo C. and Ness, Frederique and Edwards, Susan R. and Cox, Brian S. and Tuite, Mick F.},
issn = {0950382X},
journal = {Molecular Microbiology},
number = {6},
pages = {1357--1369},
pmid = {11442834},
publisher = {Blackwell Science, Ltd},
title = {{The elimination of the yeast \PSI prion by guanidine hydrochloride is the result of Hsp104 inactivation}},
volume = {40},
year = {2001},
langid = {english}
}


@article{Tuite1981,
author = {Tuite, M. F. and Mundy, C. R. and Cox, B. S.},
journal = {Genetics},
number = {4},
pages = {691--711},
title = {{Agents that cause a high frequency of genetic change from [\textit{psi}\up{+}] to [\textit{psi}\up{-}] in \Saccer}},
volume = {98},
year = {1981},
langid = {english}
}

@article{Yamaguchi-Iwai2002,
author = {Yamaguchi-Iwai, Yuko and Ueta, Ryo and Fukunaka, Ayako and Sasaki, Ryuzo},
journal = {Journal of Biological Chemistry},
number = {21},
pages = {18914--18918},
pmid = {11877447},
title = {{Subcellular localization of Aft1 transcription factor responds to iron status in \Saccer}},
volume = {277},
year = {2002},
langid = {english}
}

@article{Dephoure2014,
author = {Dephoure, Noah and Hwang, Sunyoung and O'Sullivan, Ciara and Dodgson, Stacie E and Gygi, Steven P and Amon, Angelika and Torres, Eduardo M},
doi = {10.7554/eLife.03023},
file = {:home/drozdovapb/.local/share/data/Mendeley Ltd./Mendeley Desktop/Downloaded/Dephoure et al. - 2014 - Quantitative proteomic analysis reveals posttranslational responses to aneuploidy in yeast.pdf:pdf},
issn = {2050-084X},
journal = {eLife},
keywords = {Aneuploidy,Gene Dosage,Gene Expression Regulation, Fungal,Metabolic Networks and Pathways,Oxidation-Reduction,Protein Processing, Post-Translational,Proteomics,Reactive Oxygen Species,Reactive Oxygen Species: metabolism,\Saccer,\Saccer Proteins,\Saccer Proteins: genetics,\Saccer Proteins: metabolism,\Saccer: genetics,\Saccer: metabolism,Transcription, Genetic,Transcriptome},
mendeley-groups = {chr2017{\_}paper{\_}cited},
pages = {e03023},
pmid = {25073701},
title = {{Quantitative proteomic analysis reveals posttranslational responses to aneuploidy in yeast}},
volume = {3},
year = {2014},
langid = {english}
}


@article{Hose2015,
doi = {10.7554/eLife.05462},
author = {Hose, James and Yong, Chris Mun and Sardi, Maria and Wang, Zhishi and Newton, Michael A and Gasch, Audrey P},
isbn = {10.7554/eLife.05462},
issn = {2050-084X},
journal = {eLife},
keywords = {Aneuploidy,Biological Evolution,Dosage Compensation,Fungal,Gene Dosage,Genes,Genetic,Genetic Variation,Linear Models,Models,Phenotype,\Saccer,\Saccer: genetics,Selection},
language = {en},
mendeley-groups = {chr2017{\_}paper{\_}cited},
pages = {e05462},
pmid = {25955966},
publisher = {eLife Sciences Publications Limited},
title = {{Dosage compensation can buffer copy-number variation in wild yeast}},
volume = {4},
year = {2015},
langid = {english}
}


@article{Jank1993,
author = {Jank, Bernhard and Waldherr, Martin and Schweyen, Rudolf J},
doi = {10.1007/BF00336743},
isbn = {0172-8083 (Print)$\backslash$r0172-8083 (Linking)},
issn = {01728083},
journal = {Current Genetics},
keywords = {60S ribosomal subunit,Rat,Ribosomal protein,Yeast},
number = {1},
pages = {15--18},
pmid = {8428379},
title = {{Yeast single copy gene URP1 is a homolog of rat ribosomal protein gene L21}},
volume = {23},
year = {1993},
langid = {english}
}

@article{Jung2002,
author = {Jung, Giman and Jones, Gary and Masison, Daniel C},
doi = {10.1073/pnas.152333299},
file = {:media/drozdovapb/441DB6652D7ED741/Work/Papers/Prions/PSI/2002{\_}Jung, Jones, Masison{\_}Amino acid residue 184 of yeast Hsp104 chaperone is critical for prion-curing by guanidine , prion propagation , and thermotolerance.pdf:pdf},
issn = {0027-8424},
journal = {PNAS U. S. A.},
keywords = {Adenosine Triphosphatases,Adenosine Triphosphatases: chemistry,Adenosine Triphosphatases: genetics,Amino Acid Sequence,Amino Acid Substitution,Guanidine,Guanidine: pharmacology,Heat-Shock Proteins,Heat-Shock Proteins: chemistry,Heat-Shock Proteins: genetics,Mutagenesis, Site-Directed,Plasmids,Prions,Prions: drug effects,Prions: physiology,\Saccer,\Saccer Proteins,\Saccer Proteins: chemistry,\Saccer Proteins: genetics,\Saccer: genetics,Temperature},
number = {15},
pages = {9936--41},
pmid = {12105276},
title = {{Amino acid residue 184 of yeast Hsp104 chaperone is critical for prion-curing by guanidine, prion propagation, and thermotolerance}},
volume = {99},
year = {2002},
langid = {english}
}

@article{Jones2003,
author = {Jones, G. W. and Song, Y. and Masison, D. C.},
doi = {10.1007/s00438-003-0838-y},
issn = {16174615},
journal = {Molecular Genetics and Genomics},
number = {3},
pages = {304--311},
publisher = {Springer-Verlag},
title = {{Deletion of the Hsp70 chaperone gene SSB causes hypersensitivity to guanidine toxicity and curing of the \PSI prion by increasing guanidine uptake in yeast}},
volume = {269},
year = {2003},
langid = {english}
}

@article{Kim2005,
author = {Kim, So Young and Craig, Elizabeth A},
doi = {10.1128/EC.4.1.82-89.2005},
isbn = {1535-9778},
issn = {15359778},
journal = {Eukaryotic Cell},
number = {1},
pages = {82--89},
pmid = {15643063},
publisher = {American Society for Microbiology},
title = {{Broad sensitivity of \Saccer lacking ribosome-associated chaperone Ssb or Zuo1 to cations, including aminoglycosides}},
volume = {4},
year = {2005},
langid = {english}
}

@article{Chang2009,
author = {Chang, Jui-Yoa},
doi = {10.1021/bi901417f},
isbn = {7135002458},
issn = {1520-4995},
journal = {Biochemistry},
number = {40},
pages = {9340--9346},
pmid = {19728745},
publisher = {American Chemical Society},
title = {{Structural heterogeneity of 6 M GdmCl-denatured proteins: implications for the mechanism of protein folding}},
volume = {48},
year = {2009},
langid = {english}
}

@article{Aksenova2007,
author = {Aksenova, Anna and Mu{\~{n}}oz, Iv{\'{a}}n and Volkov, Kirill and Ari{\~{n}}o, Joaqu{\'{\i}}n and Mironova, Ludmila},
issn = {1356-9597},
journal = {Genes to cells},
number = {4},
pages = {435--45},
pmid = {17397392},
title = {{The \textit{HAL3-PPZ1} dependent regulation of nonsense suppression efficiency in yeast and its influence on manifestation of the yeast prion-like determinant \ISP}},
volume = {12},
year = {2007},
langid = {english}
}

@article{Masison2000,
author = {Masison, D C and Edskes, H K and Maddelein, M L and Taylor, K L and Wickner, R B},
issn = {1467-3037},
journal = {Current issues in molecular biology},
keywords = {Amino Acid Sequence,Fungal Proteins,Fungal Proteins: genetics,Genes, Fungal,Glutathione Peroxidase,Models, Genetic,Molecular Sequence Data,Mutation,Peptide Termination Factors,Phenotype,PrPSc Proteins,PrPSc Proteins: genetics,Prions,Prions: genetics,\Saccer,\Saccer Proteins,\Saccer: genetics,Sordariales,Sordariales: genetics},
number = {2},
pages = {51--9},
pmid = {11471564},
title = {{[URE3] and [PSI] are prions of yeast and evidence for new fungal prions}},
volume = {2},
year = {2000},
langid = {english}
}

@article{Paushkin1996,
author = {Paushkin, S V and Kushnirov, V V and Smirnov, V N and Ter-Avanesyan, M D},
issn = {0261-4189},
journal = {The EMBO journal},
keywords = {Alleles,Base Sequence,Biopolymers,Endopeptidases,Endopeptidases: metabolism,Fungal Proteins,Fungal Proteins: genetics,Molecular Sequence Data,Oligodeoxyribonucleotides,Peptide Termination Factors,Prions,Prions: genetics,Prions: metabolism,Protein Binding,\Saccer,\Saccer Proteins,\Saccer: genetics,\Saccer: metabolism},
mendeley-groups = {Prions},
number = {12},
pages = {3127--34},
pmid = {8670813},
title = {{Propagation of the yeast prion-like [psi+] determinant is mediated by oligomerization of the \textit{SUP35}-encoded polypeptide chain release factor}},
volume = {15},
year = {1996},
langid = {english}
}

@article{Patino1996,
author = {Patino, M M and Liu, J J and Glover, J R and Lindquist, S},
issn = {0036-8075},
journal = {Science},
keywords = {Amino Acid Sequence,Base Sequence,Fungal Proteins,Fungal Proteins: analysis,Fungal Proteins: chemistry,Fungal Proteins: genetics,Fungal Proteins: physiology,Green Fluorescent Proteins,Heat-Shock Proteins,Heat-Shock Proteins: physiology,Luminescent Proteins,Luminescent Proteins: analysis,Molecular Sequence Data,Peptide Termination Factors,Phenotype,Prions,Prions: chemistry,Prions: genetics,Protein Conformation,Recombinant Fusion Proteins,Recombinant Fusion Proteins: analysis,Recombinant Fusion Proteins: chemistry,\Saccer,\Saccer Proteins,\Saccer: chemistry,\Saccer: genetics,Solubility},
mendeley-groups = {Prions},
number = {5275},
pages = {622--6},
pmid = {8662547},
title = {{Support for the prion hypothesis for inheritance of a phenotypic trait in yeast}},
volume = {273},
year = {1996},
langid = {english}
}

@article{Gancedo2016,
author = {Gancedo, Carlos and Flores, Carmen-Lisset and Gancedo, Juana M},
doi = {10.1128/MMBR.00012-16},
issn = {1092-2172},
journal = {Microbiology and Molecular Biology Reviews},
number = {3},
pages = {765--777},
pmid = {27466281},
title = {{The Expanding Landscape of Moonlighting Proteins in Yeasts}},
volume = {80},
year = {2016},
langid = {english}	
}

@article{Drozdova2013ru,
author = {Дроздова, П. Б. and Радченко, Э. А. and Рогоза, Т. М. and Хохрина, М. А. and Миронова, Л. Н.},
doi = {10.7868/S0026898413010047},
issn = {0026-8984},
journal = {Молекулярная биология},
number = {2},
pages = {275--281},
title = {{Ген \textit{SFP1} контролирует терминацию трансляции у дрожжей \Saccer путем регуляции количества белка Sup35 (eRF3)}},
volume = {47},
year = {2013},
langid = {russian}
}

@article{Matveenko2016,
author = {Matveenko, Andrew G and Drozdova, Polina B. and Belousov, Mikhail V. and Moskalenko, Svetlana E. and Bondarev,  Stanislav A. and Barbitoff, Yury A. and Nizhnikov, Anton A. and Zhouravleva, Galina A.},
journal = {Genes to cells},
number = {10},
year = {2016}, 
volume = {21},
title = {\textit{SFP1}-mediated prion-dependent lethality is caused by increased Sup35 aggregation and alleviated by Sis1},
langid = {english}
}

@article{Juliani1975,
author = {Juliani, Maria Helena and Gambarini, A G and Costa, S O},
doi = {10.1016/0027-5107(75)90021-4},
isbn = {0027-5107 (Print)$\backslash$r0027-5107 (Linking)},
issn = {00275107},
journal = {Mutat Res},
number = {1},
pages = {67--75},
pmid = {1097911},
title = {{Induction of rho-minus mutants in \Saccer by guanidine hydrochloride. I. Genetic analysis}},
volume = {29},
year = {1975},
langid = {english}
}

@article{Juliani1973,
author = {Juliani, Maria Helena and Costa, S.O.P. and Bacila, M.},
doi = {10.1016/0006-291X(73)90694-3},
issn = {0006291X},
journal = {Biochemical and Biophysical Research Communications},
number = {2},
pages = {531--538},
publisher = {Academic Press},
title = {{Non-chromosomal respiratory deficient mutants induced by guanidine hydrochloride in \Saccer}},
volume = {53},
year = {1973},
langid = {english}
}

@article{Alberti2009,
author = {Alberti, Simon and Halfmann, Randal and King, Oliver and Kapila, Atul and Lindquist, Susan},
doi = {10.1016/j.cell.2009.02.044},
file = {:media/drozdovapb/441DB6652D7ED741/Work/Papers/Prions/MOT3/2009{\_}Alberti et al{\_}MOT3.pdf:pdf},
issn = {1097-4172},
journal = {Cell},
keywords = {Amino Acid Sequence,Amyloid,Amyloid: metabolism,Asparagine,Asparagine: metabolism,Cytosol,Cytosol: metabolism,Genome, Fungal,Glutamine,Glutamine: metabolism,Heat-Shock Proteins,Heat-Shock Proteins: metabolism,Molecular Sequence Data,Peptide Termination Factors,Phenotype,Prions,Prions: analysis,Prions: chemistry,Prions: genetics,Prions: metabolism,Proteome,Proteome: analysis,\Saccer,\Saccer Proteins,\Saccer Proteins: analysis,\Saccer Proteins: chemistry,\Saccer Proteins: genetics,\Saccer Proteins: metabolism,\Saccer: genetics,\Saccer: metabolism,Transcription Factors,Transcription Factors: chemistry,Transcription Factors: metabolism},
number = {1},
pages = {146--58},
pmid = {19345193},
publisher = {Elsevier},
title = {{A systematic survey identifies prions and illuminates sequence features of prionogenic proteins}},
volume = {137},
year = {2009},
langid = {english}
}

@article{Michelitsch2000,
author = {Michelitsch, M D and Weissman, J S},
doi = {10.1073/pnas.97.22.11910},
issn = {0027-8424},
journal = {PNAS U. S. A.},
keywords = {Amino Acid Sequence,Amyloid,Amyloid: biosynthesis,Asparagine,Asparagine: chemistry,Asparagine: metabolism,Codon,Glutamine,Glutamine: chemistry,Glutamine: metabolism,Humans,Prions,Prions: chemistry,Prions: genetics,Prions: metabolism},
number = {22},
pages = {11910--5},
pmid = {11050225},
title = {{A census of glutamine/asparagine-rich regions: implications for their conserved function and the prediction of novel prions}},
volume = {97},
year = {2000},
langid = {english}
}

@article{Harrison2003,
author = {Harrison, Paul M and Gerstein, Mark},
doi = {10.1186/gb-2003-4-6-r40},
file = {:media/drozdovapb/441DB6652D7ED741/Work/Papers/Prions/in silico/2009{\_}Harrison, Gerstein{\_}asn-gln.pdf:pdf},
issn = {1465-6914},
journal = {Genome biology},
number = {6},
pages = {R40},
pmid = {12801414},
title = {{A method to assess compositional bias in biological sequences and its application to prion-like glutamine/asparagine-rich domains in eukaryotic proteomes}},
volume = {4},
year = {2003},
langid = {english}
}

@article{Blumberg1991,
author = {Blumberg, H and Silver, P},
file = {:media/drozdovapb/441DB6652D7ED741/Work/Papers/sfp1 literature guide/1991{\_}Blumberg.pdf:pdf},
issn = {0378-1119},
journal = {Gene},
number = {1},
pages = {101--110},
pmid = {1743508},
title = {{A split zinc-finger protein is required for normal yeast growth}},
volume = {107},
year = {1991},
langid = {english}
}

@article{Xu1998,
author = {Xu, Z and Norris, D},
file = {:media/drozdovapb/441DB6652D7ED741/Work/Papers/sfp1 literature guide/1998{\_}Xu and Norris The SFP1 G2-M transitions.pdf:pdf},
issn = {0016-6731},
journal = {Genetics},
number = {4},
pages = {1419--28},
pmid = {9832520},
title = {{The SFP1 gene product of \Saccer regulates G2/M transitions during the mitotic cell cycle and DNA-damage response}},
volume = {150},
year = {1998},
langid = {english}
}

@article{Jorgensen2002,
author = {Jorgensen, Paul and Nishikawa, Joy L and Breitkreutz, Bobby-Joe and Tyers, Mike},
doi = {10.1126/science.1070850},
file = {:media/drozdovapb/441DB6652D7ED741/Work/Papers/sfp1 literature guide/2002{\_}Jornensen{\_}Pathways{\_}growth{\&}division.pdf:pdf},
issn = {1095-9203},
journal = {Science},
number = {5580},
pages = {395--400},
pmid = {12089449},
title = {{Systematic identification of pathways that couple cell growth and division in yeast}},
volume = {297},
year = {2002},
langid = {english}
}


@article{Reja2015,
author = {Reja, Rohit and Vinayachandran, Vinesh and Ghosh, Sujana and Pugh, B Franklin},
doi = {10.1101/gad.268896.115},
issn = {1549-5477},
journal = {Genes {\&} development},
number = {18},
pages = {1942--54},
pmid = {26385964},
title = {{Molecular mechanisms of ribosomal protein gene coregulation}},
volume = {29},
year = {2015},
langid = {english}
}

@article{Thorburn2013,
author = {Thorburn, Rebecca R and Gonzalez, Christian and Brar, Gloria a and Christen, Stefan and Carlile, Thomas M and Ingolia, Nicholas T and Sauer, Uwe and Weissman, Jonathan S and Amon, Angelika},
doi = {10.1091/mbc.E12-07-0520},
issn = {1939-4586},
journal = {Molecular biology of the cell},
keywords = {Active Transport, Cell Nucleus,Amino Acids,Amino Acids: biosynthesis,Aneuploidy,Chromosomes, Artificial, Yeast,Chromosomes, Artificial, Yeast: genetics,Cyclin-Dependent Kinases,Cyclin-Dependent Kinases: metabolism,Cyclins,Cyclins: genetics,Cyclins: metabolism,G1 Phase Cell Cycle Checkpoints,Gene Expression Regulation, Fungal,Humans,Intracellular Signaling Peptides and Proteins,Intracellular Signaling Peptides and Proteins: met,Metabolome,Protein Biosynthesis,Repressor Proteins,Repressor Proteins: metabolism,\Saccer,\Saccer Proteins,\Saccer Proteins: genetics,\Saccer Proteins: metabolism,\Saccer: cytology,\Saccer: growth {\&} development,\Saccer: metabolism,Signal Transduction,Transcription, Genetic},
number = {9},
pages = {1274--89},
pmid = {23468524},
title = {{Aneuploid yeast strains exhibit defects in cell growth and passage through START}},
volume = {24},
year = {2013},
langid = {english}
}

@article{Nakatsukasa2001,
author = {Nakatsukasa, K and Nishikawa, S and Hosokawa, N and Nagata, K and Endo, T},
doi = {10.1074/jbc.C100023200},
issn = {0021-9258},
journal = {Journal of Biological Chemistry},
number = {12},
pages = {8635--8},
pmid = {11254655},
title = {{Mnl1p, an alpha -mannosidase-like protein in yeast \Saccer, is required for endoplasmic reticulum-associated degradation of glycoproteins}},
volume = {276},
year = {2001},
langid = {english}
}


@article{Measday2005,
author = {Measday, Vivien and Baetz, Kristin and Guzzo, Julie and Yuen, Karen and Kwok, Teresa and Sheikh, Bilal and Ding, Huiming and Ueta, Ryo and Hoac, Trinh and Cheng, Benjamin and Pot, Isabelle and Tong, Amy and Yamaguchi-Iwai, Yuko and Boone, Charles and Hieter, Phil and Andrews, Brenda},
file = {:home/drozdovapb/.local/share/data/Mendeley Ltd./Mendeley Desktop/Downloaded/Measday et al. - 2005 - Systematic yeast synthetic lethal and synthetic dosage lethal screens identify genes required for chromosome (2).pdf:pdf},
issn = {0027-8424},
journal = {PNAS U. S. A.},
keywords = {Basic Helix-Loop-Helix Leucine Zipper Transcriptio,Chromosomal Instability,Chromosomal Instability: genetics,Chromosome Segregation,Chromosome Segregation: genetics,Chromosomes,Fungal,Fungal: metabolism,Genes,Genomics,Genomics: methods,Kinetochores,Kinetochores: metabolism,Lethal,Mutation,Oligonucleotide Array Sequence Analysis,Oligonucleotide Array Sequence Analysis: methods,\Saccer,\Saccer Proteins,\Saccer Proteins: analysis,\Saccer Proteins: genetics,\Saccer Proteins: metabolism,\Saccer: chemistry,\Saccer: genetics,\Saccer: metabolism,Transcription Factors,Transcription Factors: analysis,Transcription Factors: genetics,Transcription Factors: metabolism},
mendeley-groups = {chr2017{\_}paper{\_}cited},
number = {39},
pages = {13956--13961},
pmid = {16172405},
title = {{Systematic yeast synthetic lethal and synthetic dosage lethal screens identify genes required for chromosome segregation}},
volume = {102},
year = {2005},
langid = {english}
}

@article{Schleiffer2012,
author = {Schleiffer, Alexander and Maier, Michael and Litos, Gabriele and Lampert, Fabienne and Hornung, Peter and Mechtler, Karl and Westermann, Stefan},
doi = {10.1038/ncb2493},
issn = {1465-7392},
journal = {Nature Cell Biology},
number = {6},
pages = {604--613},
publisher = {Nature Research},
title = {{CENP-T proteins are conserved centromere receptors of the Ndc80 complex}},
volume = {14},
year = {2012},
langid = {english}
}

@article{Liebman2012,
author = {Liebman, Susan W and Chernoff, Yury O},
doi = {10.1534/genetics.111.137760},
file = {::;:media/drozdovapb/441DB6652D7ED741/Work/Papers/Prions/2012{\_}Liebman, Chernoff{\_}Prions in yeast.pdf:pdf},
issn = {1943-2631},
journal = {Genetics},
keywords = {Prions,Prions: physiology,Yeasts,Yeasts: metabolism},
mendeley-groups = {Prion reviews,chr2017{\_}paper{\_}cited},
number = {4},
pages = {1041--72},
pmid = {22879407},
title = {{Prions in yeast}},
volume = {191},
year = {2012},
langid = {english}
}

@article{Borchsenius2000,
author = {Borchsenius, Andrey S. and Tchourikova, Anna A. and Inge-Vechtomov, Sergey G.},
doi = {10.1007/s002940050529},
isbn = {0172-8083 (Print)$\backslash$r0172-8083 (Linking)},
issn = {01728083},
journal = {Current Genetics},
number = {5},
pages = {285--291},
pmid = {10853764},
publisher = {Springer-Verlag},
title = {{Recessive mutations in \textit{SUP35} and \textit{SUP45} genes coding for translation release factors affect chromosome stability in \Saccer}},
volume = {37},
year = {2000},
langid = {english}
}

@article{Campbell1975,
author = {Campbell, D. A. and Fogel, S. and Lusnak, K.},
journal = {Genetics},
number = {3},
title = {{Mitotic chromosome loss in a disomic haploid in \Saccer}},
volume = {79},
year = {1975},
langid = {english},
pages = {383-396}
}

@article{Hartwell1982,
  title={The fidelity of mitotic chromosome reproduction in \Scer},
  author={Hartwell, LH and Dutcher, SK and Wood, JS and Garvik, B},
  journal={Rec Adv Yeast Mol Biol},
  volume={1},
  pages={28--38},
  year={1982},
  langid = {english}
}


@article{Surosky1985,
author = {Surosky, R T and Tye, B K},
isbn = {0027-8424 (Print)$\backslash$r0027-8424 (Linking)},
issn = {0027-8424},
journal = {PNAS U. S. A.},
keywords = {Base Sequence,Centromere,Chromosome Deletion,DNA,Fungal,Fungal: analysis,Meiosis,\Saccer,\Saccer: genetics},
number = {7},
pages = {2106--2110},
pmid = {3885221},
title = {{Construction of telocentric chromosomes in \Saccer}},
volume = {82},
year = {1985},
langid = {english}
}

@article{Esposito1982,
author = {Esposito, Michael S. and Maleas, Dimitrios T. and Bjornstad, Kathleen A. and Bruschi, Carlo V.},
doi = {10.1007/BF00397633},
issn = {0172-8083},
journal = {Current Genetics},
number = {1},
pages = {5--11},
publisher = {Springer-Verlag},
title = {{Simultaneous detection of changes in chromosome number, gene conversion and intergenic recombination during mitosis of \Saccer: spontaneous and ultraviolet light induced events}},
volume = {6},
year = {1982},
langid = {english}
}

@article{Lund1981,
author = {Lund, P M and Cox, B S},
journal = {Genetical research},
number = {2},
pages = {173--82},
pmid = {7021322},
title = {{Reversion analysis of [\textit{psi}\up{--}] mutations in \Saccer}},
volume = {37},
year = {1981},
langid = {english}
}

@article{Lancaster2010,
author = {Lancaster, Alex K and Bardill, J Patrick and True, Heather L and Masel, Joanna},
doi = {10.1534/genetics.109.110213},
file = {:home/drozdovapb/.local/share/data/Mendeley Ltd./Mendeley Desktop/Downloaded/Lancaster et al. - 2010 - The spontaneous appearance rate of the yeast prion PSI and its implications for the evolution of the evolvabil.pdf:pdf},
issn = {1943-2631},
journal = {Genetics},
keywords = {Codon, Terminator,Codon, Terminator: genetics,Epigenesis, Genetic,Evolution, Molecular,Fungal Proteins,Fungal Proteins: genetics,Phenotype,Point Mutation,Prions,Prions: genetics,Saccharomyces,Saccharomyces: genetics,Selection, Genetic,Yeasts,Yeasts: genetics},
number = {2},
pages = {393--400},
pmid = {19917766},
title = {{The spontaneous appearance rate of the yeast prion \PSI and its implications for the evolution of the evolvability properties of the \PSI system}},
volume = {184},
year = {2010},
langid = {english}
}


@article{Shewmaker2006,
author = {Shewmaker, Frank and Wickner, Reed B},
doi = {10.1002/yea.1425},
issn = {0749-503X},
journal = {Yeast},
keywords = {Amyloid,Amyloid: metabolism,Glutathione Peroxidase,Peptide Termination Factors,Prions,Prions: metabolism,\Saccer,\Saccer Proteins,\Saccer Proteins: metabolism,\Saccer: chemistry,\Saccer: metabolism,Time Factors},
number = {16},
pages = {1123--1128},
pmid = {17133618},
title = {{Ageing in yeast does not enhance prion generation}},
volume = {23},
year = {2006},
langid = {english}
}

@article{Masison1995,
author = {Masison, Daniel C. and Wickner, Reed B.},
journal = {Science},
number = {5233},
title = {{Prion-inducing domain of yeast Ure2p and protease resistance of Ure2p in prion-containing cells}},
volume = {270},
year = {1995},
langid = {english},
pages = {93--95}
}

@article{Huang2013,
author = {Huang, Vincent J. and Stein, Kevin C. and True, Heather L.},
doi = {10.1371/journal.pone.0079582},
editor = {Ma, Jiyan},
issn = {19326203},
journal = {PLoS ONE},
number = {10},
pages = {e79582},
pmid = {24205387},
publisher = {Public Library of Science},
title = {{Spontaneous variants of the [\textit{RNQ}\up{+}] prion in yeast demonstrate the extensive conformational diversity possible with prion proteins}},
volume = {8},
year = {2013},
langid = {english}
}


@article{Torres2007,
author = {Torres, Eduardo M and Sokolsky, Tanya and Tucker, Cheryl M and Chan, Leon Y and Boselli, Monica and Dunham, Maitreya J and Amon, Angelika},
doi = {10.1126/science.1142210},
file = {:media/drozdovapb/441DB6652D7ED741/Work/Papers/Aneuploidy/2007{\_}Torres et al(Amon).pdf:pdf},
issn = {1095-9203},
journal = {Science},
keywords = {Aneuploidy,Cell Division,Cell Proliferation,Chromosomes, Fungal,Chromosomes, Fungal: genetics,G1 Phase,Gene Expression Regulation, Fungal,Genes, Fungal,Glucose,Glucose: metabolism,Haploidy,Phenotype,Protein Synthesis Inhibitors,Protein Synthesis Inhibitors: pharmacology,\Saccer,\Saccer Proteins,\Saccer Proteins: biosynthesis,\Saccer Proteins: metabolism,\Saccer: cytology,\Saccer: genetics,\Saccer: physiology,Temperature,Transcription, Genetic},
number = {5840},
pages = {916--24},
pmid = {17702937},
title = {{Effects of aneuploidy on cellular physiology and cell division in haploid yeast}},
volume = {317},
year = {2007},
langid = {english}
}

@article{Wickner1995,
author = {Wickner, Reed B.},
doi = {10.1016/S0966-842X(00)88978-7},
issn = {0966842X},
journal = {Trends in Microbiology},
mendeley-groups = {Prion reviews/Wickner},
number = {10},
pages = {367--369},
title = {{Prions of yeast and heat-shock protein 104: ‘coprion’ and cure}},
volume = {3},
year = {1995},
langid = {english}
}


@book{Sambrook1989,
  title={Molecular cloning: a laboratory manual, second edition},
  author={Sambrook, J and Fritsch, EF and Maniatis, T},
  year={1989},
  publisher={Cold Spring Harbor Laboratory Press, Cold Spring Harbour, New York},
  langid = {english}
}

@book{Zakharov1984ru,
  title={Сборник методов по генетике дрожжей-сахаромицетов},
  author={Захаров, И. А and Кожин, С. А. and Кожина, Т. Н. and Федорова, И. В.},
  editor={Мейселя, М. Н.},
  publisher={Л.: Наука},
  year={1984},
  langid={russian}
  }
  
@article{Zhou1990,
  title={Mini-prep in ten minutes.},
  author={Zhou, Chen and Yang, Yujun and Jong, AY},
  journal={Biotechniques},
  volume={8},
  number={2},
  pages={172},
  year={1990},
  langid = {english}
}

@article{Lada2013,
author = {Lada, Artem G and Stepchenkova, Elena I and Waisertreiger, Irina S R and Noskov, Vladimir N and Dhar, Alok and Eudy, James D and Boissy, Robert J and Hirano, Masayuki and Rogozin, Igor B and Pavlov, Youri I},
doi = {10.1371/journal.pgen.1003736},
file = {::},
issn = {1553-7404},
journal = {PLoS genetics},
keywords = {Adenine,Adenine: analogs {\&} derivatives,Adenine: pharmacology,Animals,Cytidine Deaminase,Cytidine Deaminase: genetics,Cytidine Deaminase: metabolism,Cytosine Deaminase,Cytosine Deaminase: genetics,Diploidy,Genome, Fungal,Genome, Fungal: drug effects,Haploidy,Humans,Lampreys,Lampreys: metabolism,Mutagenesis,Mutagenesis: drug effects,Mutation,Mutation Rate,Mutation: genetics,\Saccer,\Saccer: drug effects},
number = {9},
pages = {e1003736},
pmid = {24039593},
title = {{Genome-wide mutation avalanches induced in diploid yeast cells by a base analog or an APOBEC deaminase}},
volume = {9},
year = {2013},
langid = {english}
}

@article{Hothorn2008,
author = {Hothorn, Torsen and Hornik, Kurt and van de Wiel, Mark A. and Zeileis, Achim},
journal = {Journal of Statistical Software},
number = {8},
title = {{Implementing a class of permutation tests: The coin package}},
volume = {28},
year = {2008},
langid = {english}
}


@article{Welinder2011,
author = {Welinder, Charlotte and Ekblad, Lars},
doi = {10.1021/pr1011476},
file = {:media/drozdovapb/441DB6652D7ED741/Work/Papers/Methods/Yeast/2011{\_}Welinder, Ekblad{\_}Coomassie staining as loading control.pdf:pdf},
issn = {1535-3907},
journal = {Journal of proteome research},
keywords = {Animals,Blotting, Western,Blotting, Western: methods,Peptide Mapping,Peptide Mapping: methods,Proteins,Proteins: analysis,Rosaniline Dyes,Rosaniline Dyes: chemistry,Spectrometry, Mass, Matrix-Assisted Laser Desorpti,Staining and Labeling,Staining and Labeling: methods},
mendeley-groups = {Methods},
number = {3},
pages = {1416--9},
pmid = {21186791},
title = {{Coomassie staining as loading control in Western blot analysis}},
volume = {10},
year = {2011},
langid = {english}
}

@online{Fastqc,
 author={Andrews, S.},
 url={http://www.bioinformatics.bbsrc.ac.uk/projects/fastqc/},
 title={FastQC. A quality control tool for high throughput sequence data. 2010},
 year={2010},
 langid = {english}
 }


@article{Rebora2005,
author = {R{\'{e}}bora, Karine and Laloo, Beno{\^{\i}}t and Daignan-Fornier, Bertrand},
journal = {Genetics},
number = {1},
title = {{Revisiting purine-histidine cross-pathway regulation in \Saccer}},
volume = {170},
year = {2005},
langid = {english}
}

@article{Hibbs2007,
author = {Hibbs, Matthew A and Hess, David C and Myers, Chad L and Huttenhower, Curtis and Li, Kai and Troyanskaya, Olga G},
doi = {10.1093/bioinformatics/btm403},
file = {:media/drozdovapb/441DB6652D7ED741/Work/Papers/Computational biology/2007{\_}Hibbs{\_}functional landscape of tene expression.pdf:pdf},
issn = {1367-4811},
journal = {Bioinformatics},
number = {20},
pages = {2692--9},
pmid = {17724061},
title = {{Exploring the functional landscape of gene expression: directed search of large microarray compendia}},
volume = {23},
year = {2007},
langid = {english}
}

@article{Mortimer1986,
author = {Mortimer, Robert K. and Johnston, John R.},
issn = {0016-6731},
journal = {Genetics},
number = {1},
pmid = {3519363},
title = {{Genealogy of principal strains of the yeast genetic stock center}},
volume = {113},
year = {1986},
langid = {english}
}

@article{Sambuk1980ru,
author = {Самбук, Е. В. and Тер-Аванесян, М. Д.},
journal = {Генетика},
volume = {XVI},
number = {5},
pages = {833--839},
title = {Восстановление активности кислой фосфатазы I и фосфорибозиламиноимидазолкарбоксилазы в результате супрессии охр-мутаций в генах \textit{pho1} и \textit{ade2} у дрожжей \Saccer},
langid = {russian},
year = {1980}
}

@article{Meira1995,
author = {Meira, L B and Henriques, J A and Maga{\~{n}}a-Schwencke, N},
issn = {0305-1048},
journal = {Nucleic acids research},
number = {9},
pages = {1614--20},
pmid = {7784218},
title = {{8-Methoxypsoralen photoinduced plasmid-chromosome recombination in \Saccer using a centromeric vector}},
volume = {23},
year = {1995},
langid = {english}
}


@article{Rose1984,
abstract = {Insertion mutations in yeast caused by the transposable element Ty have been identified at several genetic loci. In all cases so far, the site of Ty insertion has been in the 5' non-coding region of the affected gene. Experiments presented here demonstrate that the ura3-52 mutation, a non-reverting ura3 mutation, is caused by a Ty insertion mutation within the coding region of the URA3 gene. This Ty insertion within a gene has a similar structure to those in non-coding regions.},
author = {Rose, M and Winston, F},
issn = {0026-8925},
journal = {Molecular {\&} general genetics},
number = {3},
pages = {557--60},
pmid = {6323928},
title = {{Identification of a Ty insertion within the coding sequence of the \Scer \textit{URA3} gene}},
volume = {193},
year = {1984},
langid = {english}
}

@article{Martin2011,
  title={Cutadapt removes adapter sequences from high-throughput sequencing reads},
  author={Martin, Marcel},
  journal={EMBnet. journal},
  volume={17},
  number={1},
  pages={pp--10},
  year={2011},
  langid = {english}
}

@article{Bankevich2012,
author = {Bankevich, Anton and Nurk, Sergey and Antipov, Dmitry and Gurevich, Alexey A and Dvorkin, Mikhail and Kulikov, Alexander S and Lesin, Valery M and Nikolenko, Sergey I and Pham, Son and Prjibelski, Andrey D and Pyshkin, Alexey V and Sirotkin, Alexander V and Vyahhi, Nikolay and Tesler, Glenn and Alekseyev, Max A and Pevzner, Pavel A},
issn = {1557-8666},
journal = {Journal of computational biology},
keywords = {Algorithms,Bacteria,Bacteria: genetics,Genome, Bacterial,Metagenomics,Metagenomics: methods,Sequence Analysis, DNA,Sequence Analysis, DNA: methods,Single-Cell Analysis,Single-Cell Analysis: methods},
language = {en},
number = {5},
pages = {455--477},
pmid = {22506599},
publisher = {Mary Ann Liebert, Inc.  140 Huguenot Street, 3rd Floor New Rochelle, NY 10801 USA},
title = {{SPAdes: a new genome assembly algorithm and its applications to single-cell sequencing}},
volume = {19},
year = {2012},
langid = {english}
}



@article{Tamazian2016,
author = {Tamazian, Gaik and Dobrynin, Pavel and Krasheninnikova, Ksenia and Komissarov, Aleksey and Koepfli, Klaus-Peter and O'Brien, Stephen J},
doi = {10.1186/s13742-016-0141-6},
issn = {2047-217X},
journal = {GigaScience},
keywords = {alignment,chromosome assembly,reference-assisted assembly},
number = {1},
pages = {38},
pmid = {27549770},
publisher = {BioMed Central},
title = {{Chromosomer: a reference-based genome arrangement tool for producing draft chromosome sequences}},
volume = {5},
year = {2016},
langid = {english}
}

@article{Cherry2011,
  title={\textit{Saccharomyces} Genome Database: the genomics resource of budding yeast},
  author={Cherry, J Michael and Hong, Eurie L and Amundsen, Craig and Balakrishnan, Rama and Binkley, Gail and Chan, Esther T and Christie, Karen R and Costanzo, Maria C and Dwight, Selina S and Engel, Stacia R and others},
  journal={Nucleic acids research},
  pages={gkr1029},
  year={2011},
  publisher={Oxford Univ Press},
  langid = {english}
}

@article{Parra2007,
  title={CEGMA: a pipeline to accurately annotate core genes in eukaryotic genomes},
  author={Parra, Genis and Bradnam, Keith and Korf, Ian},
  journal={Bioinformatics},
  volume={23},
  number={9},
  pages={1061--1067},
  year={2007},
  publisher={Oxford Univ Press},
  langid = {english}
}

@article{Gurevich2013,
  title={QUAST: quality assessment tool for genome assemblies},
  author={Gurevich, Alexey and Saveliev, Vladislav and Vyahhi, Nikolay and Tesler, Glenn},
  journal={Bioinformatics},
  volume={29},
  number={8},
  pages={1072--1075},
  year={2013},
  publisher={Oxford Univ Press},
  langid = {english}
}

@article{Holt2011,
author = {Holt, Carson and Yandell, Mark},
doi = {10.1186/1471-2105-12-491},
file = {:media/drozdovapb/441DB6652D7ED741/Work/Papers/Computational biology/2011{\_}Holt,Yandell{\_}Maker2.pdf:pdf},
issn = {1471-2105},
journal = {BMC bioinformatics},
keywords = {Animals,Databases,Genetic,Genome,High-Throughput Nucleotide Sequencing,High-Throughput Nucleotide Sequencing: methods,Humans,Molecular Sequence Annotation,Plants,Plants: genetics,Software},
number = {1},
pages = {491},
pmid = {22192575},
title = {{MAKER2: an annotation pipeline and genome-database management tool for second-generation genome projects}},
volume = {12},
year = {2011},
langid = {english}
}


@article{Langmead2012,
author = {Langmead, Ben and Salzberg, Steven L},
doi = {10.1038/nmeth.1923},
file = {::},
issn = {1548-7105},
journal = {Nature methods},
keywords = {Algorithms,Computational Biology,Computational Biology: methods,Databases, Genetic,Genome, Human,Genome, Human: genetics,Humans,Sequence Alignment,Sequence Alignment: methods,Sequence Analysis, DNA,Sequence Analysis, DNA: methods},
number = {4},
pages = {357--9},
pmid = {22388286},
publisher = {Nature Publishing Group, a division of Macmillan Publishers Limited. All Rights Reserved.},
shorttitle = {Nat Meth},
title = {{Fast gapped-read alignment with Bowtie 2}},
volume = {9},
year = {2012},
langid = {english}
}


@article{Okonechnikov2015,
author = {Okonechnikov, Konstantin and Conesa, Ana and Garc{\'{\i}}a-Alcalde, Fernando},
doi = {10.1093/bioinformatics/btv566},
issn = {1367-4803},
journal = {Bioinformatics},
mendeley-groups = {chr2017{\_}paper{\_}cited},
number = {2},
pages = {btv566},
title = {{Qualimap 2: advanced multi-sample quality control for high-throughput sequencing data}},
volume = {32},
year = {2015},
langid = {english}
}



@article{Okonechnikov2012,
author = {Okonechnikov, Konstantin and Golosova, Olga and Fursov, Mikhail},
doi = {10.1093/bioinformatics/bts091},
issn = {1367-4811},
journal = {Bioinformatics},
keywords = {Algorithms,Computational Biology,Computational Biology: instrumentation,Computational Biology: methods,Computing Methodologies,High-Throughput Nucleotide Sequencing,Molecular Sequence Annotation,Phylogeny,Sequence Alignment,Software,Workflow},
mendeley-groups = {Methods},
number = {8},
pages = {1166--7},
pmid = {22368248},
title = {{Unipro UGENE: a unified bioinformatics toolkit}},
volume = {28},
year = {2012},
langid = {english}
}



@article{Golosova2014,
author = {Golosova, Olga and Henderson, Ross and Vaskin, Yuriy and Gabrielian, Andrei and Grekhov, German and Nagarajan, Vijayaraj and Oler, Andrew J. and Qui{\~{n}}ones, Mariam and Hurt, Darrell and Fursov, Mikhail and Huyen, Yentram},
doi = {10.7717/peerj.644},
file = {::},
issn = {2167-8359},
journal = {PeerJ},
keywords = {Bioinformatics,ChIP-seq,Data analysis,Next-generation sequencing,RNA-seq,Variant calling},
pages = {e644},
publisher = {PeerJ Inc.},
title = {{Unipro UGENE NGS pipelines and components for variant calling, RNA-seq and ChIP-seq data analyses}},
volume = {2},
year = {2014},
langid = {english}
}


@article{Li2009,
  title={The sequence alignment/map format and SAMtools},
  author={Li, Heng and Handsaker, Bob and Wysoker, Alec and Fennell, Tim and Ruan, Jue and Homer, Nils and Marth, Gabor and Abecasis, Goncalo and Durbin, Richard and others},
  journal={Bioinformatics},
  volume={25},
  number={16},
  pages={2078--2079},
  year={2009},
  publisher={Oxford Univ Press},
  langid = {english}
}



@article{Quinlan2010,
author = {Quinlan, Aaron R and Hall, Ira M},
doi = {10.1093/bioinformatics/btq033},
file = {::},
issn = {1367-4811},
journal = {Bioinformatics},
keywords = {Genome,Genomics,Genomics: methods,Internet,Software},
number = {6},
pages = {841--2},
pmid = {20110278},
title = {{BEDTools: a flexible suite of utilities for comparing genomic features}},
volume = {26},
year = {2010},
langid  = {english}
}


@article{Cingolani2012,
author = {Cingolani, Pablo and Platts, Adrian and Wang, Le Lily and Coon, Melissa and Nguyen, Tung and Wang, Luan and Land, Susan J and Lu, Xiangyi and Ruden, Douglas M},
doi = {10.4161/fly.19695},
file = {::},
issn = {1933-6942},
journal = {Fly},
keywords = {Animals,Drosophila melanogaster,Drosophila melanogaster: genetics,Genome, Insect,Male,Molecular Sequence Annotation,Polymorphism, Single Nucleotide,Software},
number = {2},
pages = {80--92},
pmid = {22728672},
publisher = {Landes Bioscience},
title = {{A program for annotating and predicting the effects of single nucleotide polymorphisms, SnpEff: SNPs in the genome of Drosophila melanogaster strain w1118; iso-2; iso-3}},
volume = {6},
year = {2012},
langid = {english}
}


@book{Wickham2009,
  title={ggplot2: elegant graphics for data analysis},
  author={Wickham, Hadley},
  year={2009},
  publisher={Springer Science \& Business Media},
  langid = {english}
}


@article{Kiktev2009,
author = {Kiktev, Denis and Moskalenko, Svetlana and Murina, Olga and Baudin-Baillieu, Agn{\`{e}}s and Rousset, Jean-Pierre and Zhouravleva, Galina},
doi = {10.1007/s00438-009-0447-5},
issn = {1617-4615},
journal = {Molecular Genetics and Genomics},
number = {1},
pages = {83--96},
publisher = {Springer-Verlag},
title = {{The paradox of viable \textit{sup45} STOP mutations: a necessary equilibrium between translational readthrough, activity and stability of the protein}},
volume = {282},
year = {2009},
langid = {english}
}


@article{Trumbly1988,
  title={Cloning and characterization of the \textit{CYC8} gene mediating glucose repression in yeast},
  author={Trumbly, Robert J},
  journal={Gene},
  volume={73},
  number={1},
  pages={97--111},
  year={1988},
  publisher={Elsevier},
  langid = {english}
}



@article{Christianson1992,
author = {Christianson, T W and Sikorski, R S and Dante, M and Shero, J H and Hieter, P},
file = {:media/drozdovapb/441DB6652D7ED741/Work/Papers/Methods/Yeast/1992{\_}Christianson et al{\_}Multifunctional yeast high-copy-number shuttle vectors.pdf:pdf},
issn = {0378-1119},
journal = {Gene},
number = {1},
pages = {119--122},
pmid = {1544568},
title = {{Multifunctional yeast high-copy-number shuttle vectors}},
volume = {110},
year = {1992},
langid = {english}
}

@article{Wach1994,
author = {Wach, A and Brachat, A and P{\"{o}}hlmann, R and Philippsen, P},
issn = {0749-503X},
journal = {Yeast},
number = {13},
pages = {1793--808},
pmid = {7747518},
title = {{New heterologous modules for classical or PCR-based gene disruptions in \Saccer}},
volume = {10},
year = {1994},
langid = {english}
}

@article{Goldstein1999,
  title={Three new dominant drug resistance cassettes for gene disruption in \Saccer},
  author={Goldstein, Alan L and McCusker, John H},
  journal={Yeast},
  volume={15},
  number={14},
  pages={1541--1553},
  year={1999},
  publisher={Wiley Online Library},
  langid = {english}
}

@article{Sikorski1989,
author = {Sikorski, R. S. and Hieter, P.},
file = {:media/drozdovapb/441DB6652D7ED741/Work/Papers/Methods/Yeast/1989{\_}Sikorski a. Hieter.pdf:pdf},
journal = {Genetics},
number = {1},
pages = {19--27},
title = {{A system of shuttle vectors and yeast host strains designed for efficient manipulation of DNA in \Saccer}},
volume = {122},
year = {1989},
langid = {english}
}


@article{LeGoff2002,
author = {{Le Goff}, Catherine and Zemlyanko, Olga and Moskalenko, Svetlana and Berkova, Nadia and Inge-Vechtomov, Sergei and Philippe, Michel and Zhouravleva, Galina},
issn = {1356-9597},
journal = {Genes to cells : devoted to molecular {\&} cellular mechanisms},
keywords = {Amino Acid,Amino Acid Sequence,Animals,Base Sequence,DNA Primers,Fungal Proteins,Fungal Proteins: metabolism,Genetic Complementation Test,Humans,Mice,Molecular Sequence Data,Peptide Termination Factors,Peptide Termination Factors: chemistry,Peptide Termination Factors: genetics,Peptide Termination Factors: metabolism,Prions,\Saccer Proteins,\Saccer Proteins: genetics,Sequence Homology},
number = {10},
pages = {1043--57},
pmid = {12354098},
title = {{Mouse GSPT2, but not GSPT1, can substitute for yeast eRF3 in vivo}},
volume = {7},
year = {2002},
langid = {english}
}

@article{Jones2008,
author = {Jones, GM and Stalker, Jim and Humphray, Sean and West, Anthony},
doi = {10.1038/NMETH.1181},
file = {:media/drozdovapb/441DB6652D7ED741/Work/Papers/Methods/Yeast/2008{\_}Jones et al{\_}Overexpression library (Nature Methods).pdf:pdf},
journal = {Nature methods},
number = {3},
pages = {239--241},
title = {{A systematic library for comprehensive overexpression screens in \Saccer}},
volume = {5},
year = {2008},
langid = {english}
}

@article{Valouev2009,
author = {Valouev, Igor A and Fominov, Gleb V and Sokolova, Elizaveta E and Smirnov, Vladimir N and Ter-Avanesyan, Michael D},
doi = {10.1186/1471-2199-10-60},
issn = {1471-2199},
journal = {BMC molecular biology},
keywords = {Guanosine Diphosphate,Guanosine Diphosphate: metabolism,Guanosine Triphosphate,Guanosine Triphosphate: metabolism,Peptide Chain Termination, Translational,Peptide Elongation Factor 1,Peptide Elongation Factor 1: metabolism,Peptide Termination Factors,Peptide Termination Factors: metabolism,\Saccer,\Saccer Proteins,\Saccer Proteins: metabolism,\Saccer: genetics,\Saccer: metabolism},
mendeley-groups = {Ter-Avanesyan lab},
pages = {60},
pmid = {19545407},
title = {{Elongation factor eEF1B modulates functions of the release factors eRF1 and eRF3 and the efficiency of translation termination in yeast}},
volume = {10},
year = {2009},
langid = {english}
}

@article{King2004,
author = {King, Chih-yen and Diaz-Avalos, Ruben},
doi = {10.1038/nature02400.Published},
file = {:media/drozdovapb/441DB6652D7ED741/Work/Papers/Prions/2004{\_}King, Avalos{\_}Protein-only transmission of three yeast prion strains.pdf:pdf},
number = {March},
pages = {319--323},
title = {{Protein-only transmission of three yeast prion strains}},
volume = {428},
year = {2004},
langid = {english}
}

@article{Tanaka2004,
author = {Tanaka, Motomasa and Chien, Peter and Naber, Nariman and Cooke, Roger},
doi = {10.1038/nature02391.1.},
number = {March},
pages = {323--328},
title = {{Conformational variations in an infectious protein determine prion strain differences}},
volume = {428},
year = {2004},
langid = {english}
}

@article{Chernoff1995,
author = {Chernoff, Y O and Lindquist, S L and Ono, B and Inge-Vechtomov, S G and Liebman, S W},
issn = {0036-8075},
journal = {Science},
keywords = {Fungal Proteins,Fungal Proteins: biosynthesis,Fungal Proteins: genetics,Fungal Proteins: physiology,Gene Expression,Heat-Shock Proteins,Heat-Shock Proteins: genetics,Heat-Shock Proteins: physiology,Mutation,Prions,Prions: biosynthesis,\Saccer,\Saccer Proteins,\Saccer: genetics,\Saccer: physiology,Suppression, Genetic},
mendeley-groups = {chr2017{\_}paper{\_}cited},
number = {5212},
pages = {880--884},
pmid = {7754373},
title = {Role of the chaperone protein Hsp104 in propagation of the yeast prion-like factor [\textit{psi}\up{+}]},
volume = {268},
year = {1995},
langid = {english}
}

@article{Romanova2009,
author = {Romanova, Nina V and Chernoff, Yury O},
file = {:home/drozdovapb/.local/share/data/Mendeley Ltd./Mendeley Desktop/Downloaded/Romanova, Chernoff - 2009 - Hsp104 and prion propagation.pdf:pdf},
issn = {1875-5305},
journal = {Protein and peptide letters},
keywords = {Amyloid,Heat-Shock Proteins,Heat-Shock Proteins: chemistry,Heat-Shock Proteins: physiology,Prions,Prions: chemistry,Prions: physiology,\Saccer Proteins,\Saccer Proteins: chemistry,\Saccer Proteins: physiology},
mendeley-groups = {chr2017{\_}paper{\_}cited},
number = {6},
pages = {598--605},
pmid = {19519517},
title = {{Hsp104 and prion propagation}},
volume = {16},
year = {2009},
langid = {english}
}

@book{Dytham2011,
  title={Choosing and Using Statistics: A Biologist's Guide},
  author={Dytham, Calvin},
  year={2011},
  publisher={John Wiley \& Sons},
  langid = {english},
  pages = {298}
}

@article{Hongay2002,
  title={Mot3 is a transcriptional repressor of ergosterol biosynthetic genes and is required for normal vacuolar function in \Saccer},
  author={Hongay, Cintia and Jia, Nan and Bard, Martin and Winston, Fred},
  journal={The EMBO journal},
  volume={21},
  number={15},
  pages={4114--4124},
  year={2002},
  publisher={EMBO Press},
  langid = {english}
}


@article{Woolford2013,
	author = {Woolford, John L and Baserga, Susan J},
	doi = {10.1534/genetics.113.153197},
	issn = {1943-2631},
	journal = {Genetics},
	month = {nov},
	number = {3},
	pages = {643--81},
	pmid = {24190922},
	title = {{Ribosome biogenesis in the yeast \Saccer}},
	volume = {195},
	year = {2013},
	langid = {english}
}



@article{Warner1999,
author = {Warner, Jonathan R},
issn = {0968-0004},
journal = {Trends in biochemical sciences},
keywords = {Cell Cycle,Cell Cycle: genetics,DNA-Binding Proteins,DNA-Binding Proteins: genetics,DNA-Binding Proteins: physiology,Fungal,Fungal Proteins,Fungal Proteins: biosynthesis,Fungal Proteins: genetics,Gene Expression Regulation,Genes,Genetic,Genetic: genetics,Ribosomal Proteins,Ribosomal Proteins: biosynthesis,Ribosomal Proteins: genetics,Ribosomes,Ribosomes: chemistry,Ribosomes: genetics,Ribosomes: metabolism,\Saccer,\Saccer: cytology,\Saccer: genetics,\Saccer: metabolism,Transcription,rRNA,rRNA: genetics},
mendeley-groups = {Ribosomes,Translation exp,chr2017{\_}paper{\_}cited},
number = {11},
pages = {437--40},
pmid = {10542411},
title = {{The economics of ribosome biosynthesis in yeast}},
volume = {24},
year = {1999},
langid = {english}
}

@article{Firczuk2013,
author = {Firczuk, Helena and Kannambath, Shichina and Pahle, J{\"{u}}rgen and Claydon, Amy and Beynon, Robert and Duncan, John and Westerhoff, Hans and Mendes, Pedro and McCarthy, John Eg},
doi = {10.1038/msb.2012.73},
file = {:media/drozdovapb/441DB6652D7ED741/Work/Papers/Computational biology/2013{\_}Firczuk et al{\_}In vivo control map for the eukaryotic mRNA translation machinery.pdf:pdf},
issn = {1744-4292},
journal = {Molecular systems biology},
keywords = {eukaryotic translation machinery,gene duplication,gene expression,in vivo rate control,post-transcriptional,system modularity},
mendeley-groups = {Journal Club},
number = {635},
pages = {635},
pmid = {23340841},
title = {{An in vivo control map for the eukaryotic mRNA translation machinery}},
volume = {9},
year = {2013},
langid = {english}
}

@article{vonderHaar2008,
  title={A quantitative estimation of the global translational activity in logarithmically growing yeast cells},
  author={von der Haar, Tobias},
  journal={BMC systems biology},
  volume={2},
  number={1},
  pages={1},
  year={2008},
  publisher={BioMed Central},
  langid = {english}
}


@article{Wickner1994,
author = {Wickner, R B},
file = {:media/drozdovapb/441DB6652D7ED741/Work/Papers/Prions/1994{\_}Wickner{\_}Ure3.pdf:pdf;:media/drozdovapb/441DB6652D7ED741/Work/Papers/Prions/URE3/1994{\_}Wickner.pdf:pdf},
issn = {0036-8075},
journal = {Science},
keywords = {Aspartic Acid,Aspartic Acid: analogs {\&} derivatives,Aspartic Acid: metabolism,Base Sequence,Crosses,Dominant,Fungal,Fungal Proteins,Fungal Proteins: chemistry,Fungal Proteins: genetics,Fungal Proteins: metabolism,Genes,Genetic,Glutathione Peroxidase,Guanidine,Guanidines,Guanidines: pharmacology,Molecular Sequence Data,Mutation,Phenotype,Plasmids,PrPSc Proteins,Prions,Prions: chemistry,Prions: genetics,Prions: metabolism,Recessive,\Saccer,\Saccer Proteins,\Saccer: genetics,\Saccer: metabolism},
number = {5158},
pages = {566--9},
pmid = {7909170},
title = {{[\textit{URE3}] as an altered URE2 protein: evidence for a prion analog in \Saccer}},
volume = {264},
year = {1994},
langid = {english}
}


@article{Lacroute1971,
author = {Lacroute, Francois},
journal = {J. Bacteriol.},
number = {2},
pages = {519--522},
title = {{Non-Mendelian mutation allowing ureidosuccinic acid uptake in yeast}},
volume = {106},
year = {1971},
langid = {english}
}


@article{Cox1988,
author = {Cox, B S and Tuite, M F and McLaughlin, C S},
doi = {10.1002/yea.320040302},
issn = {0749-503X},
journal = {Yeast},
keywords = {Genes, Fungal,Mutation,Protein Biosynthesis,Suppression, Genetic,Yeasts,Yeasts: genetics},
number = {3},
pages = {159--78},
pmid = {3059716},
title = {{The psi factor of yeast: a problem in inheritance}},
volume = {4},
year = {1988},
langid = {english}
}

@article{Tuite1980,
author = {Tuite, M. F. and Cox, B. S.},
journal = {Genetics},
number = {3},
pages = {611--630},
title = {{Ultraviolet mutagenesis studies of [psi], a cytoplasmic determinant of \Saccer}},
volume = {95},
year = {1980},
langid = {english}
}


@article{Inge-Vechtomov1970,
author = {Инге-Вечтомов, С. Г. and Андрианова, В. М.},
journal = {Генетика},
year = {1970},
volume = {VI},
number = {11},
title = {Рецессивные суперсупрессоры у дрожжей},
langid = {russian},
pages = {103--115}
}


@article{Gerlach1975,
abstract = {21 amber-ochre supersuppressor alleles have been isolated in a strain of \Saccer. Their dominance-recessiveness, temperature sensitivity, allelism, intergenic and intragenic complementation properties and their effect on cell viability and colony growth rate have been characterized. They are compared with the yeast amber-ochre supersuppressors described by Inge-Vechtomov and Andrianova (1970a, b) and Hawthorne and Leupold (1974). The possible molecular basis of their suppressor activity is discussed in relation to their genetic properties.},
author = {Gerlach, W L},
issn = {0026-8925},
journal = {Molecular {\&} general genetics},
keywords = {Alleles,Chromosome Mapping,Culture Media,Genes, Recessive,Genetic Complementation Test,Mutation,\Saccer,\Saccer: growth {\&} development,\Saccer: metabolism,Suppression, Genetic,Ultraviolet Rays},
number = {1},
pages = {53--63},
pmid = {1102924},
title = {{Genetic properties of some amber-ochre supersuppressors in \Saccer}},
volume = {138},
year = {1975},
langid = {english}
}

@article{Crouzet1987,
author = {Crouzet, M and Tuite, M F},
issn = {0026-8925},
journal = {Molecular {\&} general genetics},
keywords = {Cloning, Molecular,Fungal Proteins,Fungal Proteins: genetics,Genes, Fungal,Genetic Complementation Test,Protein Biosynthesis,\Saccer,\Saccer: genetics,Suppression, Genetic},
number = {3},
pages = {581--3},
pmid = {3323850},
title = {Genetic control of translational fidelity in yeast: molecular cloning and analysis of the allosuppressor gene \textit{SAL3}},
volume = {210},
year = {1987},
langid = {english}
}

@article{Aigle1975,
author = {Aigle, M and Lacroute, F},
issn = {0026-8925},
journal = {Molecular {\&} general genetics},
number = {4},
pages = {327--235},
pmid = {16095000},
title = {{Genetical aspects of [\textit{URE3}], a non-mitochondrial, cytoplasmically inherited mutation in yeast}},
volume = {136},
year = {1975},
langid = {english}
}


@article{Ter-Avanesyan1993,
author = {Ter-Avanesyan, Michael D. and Kushnirov, Vitaly V. and Dagkesamanskaya, Adilya R. and Didichenko, Svetlana A. and Chernoff, Yury O. and Inge-Vechtomov, Sergey G. and Smirnov, Vladimir N.},
doi = {10.1111/j.1365-2958.1993.tb01159.x},
issn = {0950-382X},
journal = {Molecular Microbiology},
number = {5},
pages = {683--692},
title = {{Deletion analysis of the \textit{SUP35} gene of the yeast \Saccer reveals two non-overlapping functional regions in the encoded protein}},
volume = {7},
year = {1993},
langid = {english}
}


@article{Wickner1996,
abstract = {\Saccer is host to the dsRNA viruses L-A (including its killer toxin-encoding satellite, M) and L-BC, the 20S and 23S ssRNA replicons, and the putative prions, [URE3] and [PSI]. review the genetic and biochemical evidence indicating that [URE3] and [PSI] are prion forms of Ure2p and Sup35p, respectively. Each has an N-terminal domain involved in propagation or generation of the prion state and a C-terminal domain responsible for the protein's normal function, nitrogen regulation, or translation termination, respectively. The L-A dsRNA virus expression, replication, and RNA packaging are reviewed. L-A uses a -1 ribosomal frameshift to produce a Gag-Pol fusion protein. The host SK12, SK13 and SK18 proteins block translation of nonpoly(A) mRNAs (such as viral mRNA). Mutants deficient in 60S ribosomal subunits replicate L-A poorly, but not if cells are also ski-. Interaction of 60S subunits with the 3' polyA is suggested. SKI1/XRN1 is a 5'--> 3' exoribonuclease that degrades uncapped mRNAs. The viral Gag protein decapitates cellular mRNAs apparently to decoy this enzyme from working on viral mRNA.},
author = {Wickner, R B},
doi = {10.1146/annurev.genet.30.1.109},
file = {:media/drozdovapb/441DB6652D7ED741/Work/Papers/Prions/Reviews/Wickner/1996{\_}Wickner{\_}Prions and RNA viruses.pdf:pdf},
issn = {0066-4197},
journal = {Annual review of genetics},
keywords = {Amino Acid Sequence,Animals,Brain Diseases,Brain Diseases: virology,Double-Stranded,Molecular Sequence Data,Prions,Prions: genetics,RNA,RNA Viruses,RNA Viruses: genetics,RNA Viruses: physiology,\Saccer,\Saccer: virology},
language = {en},
mendeley-groups = {Prion reviews/Wickner},
pages = {109--39},
pmid = {8982451},
publisher = {Annual Reviews 4139 El Camino Way, P.O. Box 10139, Palo Alto, CA 94303-0139, USA},
title = {{Prions and RNA viruses of \Saccer}},
volume = {30},
year = {1996},
langid = {english}
}


@article{Crow2011rev,
abstract = {Yeast prions are atypical genetic elements that are transmitted as heritable protein conformations. [PSI+], [URE3], and [PIN+] are three well-studied prions in the budding yeast, \Saccer. In the last three years, several additional prions have been reported in yeast, including [SWI+], [OCT+], [MCA], [GAR+], [MOT3+], [ISP+], and [NSI+]. The growing number of yeast prions suggests that protein-based inheritance might be a widespread biological phenomenon. In this review, we summarize the characteristics of each prion element, and discuss their potential functional roles in yeast biology.},
author = {Crow, Emily T and Li, Liming},
doi = {10.1016/j.semcdb.2011.03.003},
file = {:media/drozdovapb/441DB6652D7ED741/Work/Papers/sfp1 literature guide/2011{\_}Crow{\_}New yeast prions.pdf:pdf},
issn = {1096-3634},
journal = {Seminars in cell {\&} developmental biology},
keywords = {Amyloid,Amyloid: metabolism,Caspases,Caspases: metabolism,Chromosomal Proteins, Non-Histone,Chromosomal Proteins, Non-Histone: metabolism,DNA-Binding Proteins,DNA-Binding Proteins: metabolism,Epigenomics,Glutathione Peroxidase,Glutathione Peroxidase: metabolism,Peptide Termination Factors,Peptide Termination Factors: metabolism,Prions,Prions: chemistry,Prions: metabolism,Proton-Translocating ATPases,Proton-Translocating ATPases: metabolism,Repressor Proteins,Repressor Proteins: metabolism,\Saccer Proteins,\Saccer Proteins: chemistry,\Saccer Proteins: metabolism,Saccharomycetales,Saccharomycetales: metabolism,Transcription Factors,Transcription Factors: metabolism},
mendeley-groups = {SFP1},
number = {5},
pages = {452--9},
pmid = {21397710},
publisher = {Elsevier Ltd},
title = {{Newly identified prions in budding yeast, and their possible functions}},
volume = {22},
year = {2011},
langid = {english}
}

@article{Suzuki2012,
abstract = {Prion conversion from a soluble protein to an aggregated state may be involved in the cellular adaptation of yeast to the environment. However, it remains unclear whether and how cells actively use prion conversion to acquire a fitness advantage in response to environmental stress. We identified Mod5, a yeast transfer RNA isopentenyltransferase lacking glutamine/asparagine-rich domains, as a yeast prion protein and found that its prion conversion in yeast regulated the sterol biosynthetic pathway for acquired cellular resistance against antifungal agents. Furthermore, selective pressure by antifungal drugs on yeast facilitated the de novo appearance of Mod5 prion states for cell survival. Thus, phenotypic changes caused by active prion conversion under environmental selection may contribute to cellular adaptation in living organisms.},
author = {Suzuki, Genjiro and Shimazu, Naoyuki and Tanaka, Motomasa},
doi = {10.1126/science.1219491},
issn = {1095-9203},
journal = {Science},
keywords = {Alkyl and Aryl Transferases,Alkyl and Aryl Transferases: chemistry,Alkyl and Aryl Transferases: genetics,Alkyl and Aryl Transferases: metabolism,Antifungal Agents,Antifungal Agents: pharmacology,Biosynthetic Pathways,Crosses, Genetic,Drug Resistance, Fungal,Ergosterol,Ergosterol: biosynthesis,Fluorouracil,Fluorouracil: pharmacology,Microbial Viability,Prions,Prions: chemistry,Prions: genetics,Prions: metabolism,Protein Conformation,Protein Structure, Tertiary,RNA, Fungal,RNA, Fungal: metabolism,RNA, Transfer,RNA, Transfer: metabolism,Recombinant Fusion Proteins,Recombinant Fusion Proteins: chemistry,Recombinant Fusion Proteins: metabolism,\Saccer,\Saccer Proteins,\Saccer Proteins: chemistry,\Saccer Proteins: genetics,\Saccer Proteins: metabolism,\Saccer: chemistry,\Saccer: drug effects,\Saccer: genetics,\Saccer: physiology,Selection, Genetic,Solubility,Stress, Physiological},
number = {6079},
pages = {355--9},
pmid = {22517861},
title = {{A yeast prion, Mod5, promotes acquired drug resistance and cell survival under environmental stress}},
volume = {336},
year = {2012},
langid = {english}
}

@article{Halfmann2012nup,
author = {Halfmann, Randal and Wright, JR Jessica R and Alberti, Simon and Lindquist, Susan and Rexach, Michael},
doi = {10.4161/pri.20199},
issn = {1933-690X},
journal = {Prion},
mendeley-groups = {Prions},
number = {4},
pages = {391--9},
pmid = {22561191},
title = {{Prion formation by a yeast GLFG nucleoporin}},
volume = {6},
year = {2012},
langid = {english}
}


@article{Pnueli2007,
author = {Pnueli, Lilach and Arava, Yoav},
doi = {10.1186/1471-2164-8-285},
file = {:media/drozdovapb/441DB6652D7ED741/Work/Papers/Ribosomes/RPS9/2007{\_}Pnueli, Arava{\_}rps9 mutants{\_}polysomal analysis.pdf:pdf},
issn = {1471-2164},
journal = {BMC genomics},
keywords = {Gene Expression Regulation, Fungal,Genomics,Genomics: methods,Mutation,Protein Biosynthesis,Protein Biosynthesis: genetics,RNA, Messenger,RNA, Messenger: genetics,Ribosomal Proteins,Ribosomal Proteins: genetics,Ribosomal Proteins: physiology,Transcription, Genetic,Transcription, Genetic: genetics,Yeasts},
pages = {285},
pmid = {17711575},
title = {{Genome-wide polysomal analysis of a yeast strain with mutated ribosomal protein S9}},
volume = {8},
year = {2007},
langid = {english}
}


@article{Gietz1992,
author = {Gietz, D and {St Jean}, A and Woods, RA and Schiestl, R H},
file = {:media/drozdovapb/441DB6652D7ED741/Work/Papers/Prions/rev/1992{\_}Gietz et al.{\_}Improved method for high efficiency transformation of intact yeast cells.pdf:pdf},
issn = {0305-1048},
journal = {Nucleic acids research},
keywords = {Genetic,Genetic Techniques,\Saccer,\Saccer: genetics,Transformation},
number = {6},
pages = {1425},
pmid = {1561104},
title = {{Improved method for high efficiency transformation of intact yeast cells}},
volume = {20},
year = {1992},
langid = {english}
}

@article{Lee2009,
abstract = {Homologous recombination is an important mechanism for the repair of DNA damage in mitotically dividing cells. Mitotic crossovers between homologues with heterozygous alleles can produce two homozygous daughter cells (loss of heterozygosity), whereas crossovers between repeated genes on non-homologous chromosomes can result in translocations. Using a genetic system that allows selection of daughter cells that contain the reciprocal products of mitotic crossing over, we mapped crossovers and gene conversion events at a resolution of about 4 kb in a 120-kb region of chromosome V of \Saccer. The gene conversion tracts associated with mitotic crossovers are much longer (averaging about 12 kb) than the conversion tracts associated with meiotic recombination and are non-randomly distributed along the chromosome. In addition, about 40{\%} of the conversion events have patterns of marker segregation that are most simply explained as reflecting the repair of a chromosome that was broken in G1 of the cell cycle.},
author = {Lee, Phoebe S and Greenwell, Patricia W and Dominska, Margaret and Gawel, Malgorzata and Hamilton, Monica and Petes, Thomas D},
doi = {10.1371/journal.pgen.1000410},
file = {::},
issn = {1553-7404},
journal = {PLoS genetics},
keywords = {Chromosome Mapping,Chromosomes, Fungal,DNA Repair,DNA Repair: genetics,G1 Phase,Mitosis,Mitosis: genetics,Recombination, Genetic,\Saccer,\Saccer: cytology,\Saccer: genetics},
number = {3},
pages = {e1000410},
pmid = {19282969},
publisher = {Public Library of Science},
title = {{A fine-structure map of spontaneous mitotic crossovers in the yeast \Saccer}},
volume = {5},
year = {2009},
langid = {english}
}


@article{Chang2015,
author = {Chang, FuJung and Riera, Alberto and Evrin, Cecile and Sun, Jingchuan and Li, Huilin and Speck, Christian and Weinreich, Michael},
doi = {10.7554/eLife.05795},
isbn = {2050-084X (Electronic)$\backslash$r2050-084X (Linking)},
issn = {2050084X},
journal = {eLife},
keywords = {AAA+ ATPases,DNA replication,ORC/Cdc6,\Scer,chromosomes,genes,helicase loader},
pages = {a012914},
pmid = {26305410},
publisher = {eLife Sciences Publications Limited},
title = {{Cdc6 ATPase activity disengages Cdc6 from the pre-replicative complex to promote DNA replication}},
volume = {4},
year = {2015},
langid = {english}
}


@article{Haase2002,
abstract = {The budding yeast, \Saccer has been a remarkably useful model system for the study of eukaryotic cell cycle regulation. Flow cytometric analysis of DNA content in budding yeast has become a standard tool for the analysis of cell cycle progression. However, popular protocols utilizing the DNA binding dye, propidium iodide, suffer from a number of drawbacks that confound accurate analysis by flow cytometry. Here we show the utility of the DNA binding dye, SYTOX Green, in the cell cycle analysis of yeast. Samples analyzed using SYTOX Green exhibited better coefficients of variation, improved linearity between DNA content and fluorescence, and decreased peak drift associated with changes in dye concentration, growth conditions or cell size. Key Words:Flow cytometry, Cell cycle, \Saccer, SYTOX Green, Propidium iodide},
author = {Haase, Steven B. and Reed, Steven I.},
doi = {10.4161/cc.1.2.114},
issn = {1538-4101},
journal = {Cell Cycle},
number = {2},
pages = {117--121},
publisher = {Taylor {\&} Francis},
title = {{Improved flow cytometric analysis of the budding yeast cell cycle}},
volume = {1},
year = {2002},
langid = {english}
}

@article{Toh-E1973,
issn = {00219193},
journal = {Journal of Bacteriology},
number = {2},
pages = {727--738},
pmid = {4570606},
author = {Toh-E, A. and Ueda, Y and Kakimoto, S I and Oshima, Y},
publisher = {American Society for Microbiology (ASM)},
title = {{Isolation and characterization of acid phosphatase mutants in \Saccer}},
volume = {113},
year = {1973},
langid = {english}
}


@article{Padkina1974ru,
author = {Падкина, М. В. and Краснопевцева, Н. Г. and Петрашень, М. Г. and Кожин, С. А. and Смирнов, М. Н.},
journal = {Молекулярная биология},
number = {11},
volume = {10}, 
pages = {101--110},
title = {Генетико-биохимическое изучение кислых фосфатаз \Saccer. Сообщение I. Характеристика кислых фосфатаз разных штаммов},
year = {1974},
langid = {russian}
}


@article{Inoue1990,
author = {Inoue, Hiroaki and Nojima, Hiroshi and Okayama, Hiroto},
doi = {10.1016/0378-1119(90)90336-P},
issn = {03781119},
journal = {Gene},
keywords = {10 mM Tris·HCl (pH7.5)/1 mM EDTA,2{\%} Bacto tryptone/0.5{\%} yeast extract/10 mM NaCl/2.,3-(N-morpholino)propanesulfonic acid,Ap,BES,Competent cell,DMSO,FTB,Hepes,LB,Luria-Bertani (medium),MOPS,N,N-bis(2-hydroxythyl)-2-amino-ethanesulfonic acid,N-(2-hydroxymethyl)piperazine-N′-2-ethanesulfonic,Pipes,SEm,SOB,SOB with 20 mM glucose,SOC,TB,TE,ampicillin,base pair(s),bp,cDNA library,cfu,colony-forming unit(s),dimethyl sulfoxide,electroporation,freeze-thaw buffer (see section c and Fig. 1 legen,frozenstock,kb,kilobase(s) or 1000 bp,nt,nucleotide(s),pBR322 vector,piperazine-N,N′-bis(2-ethanesulfonic acid),simple and efficient method (SEM),simple and efficient method for transformation,stability),strain DH5,transformation buffer (see section a)},
mendeley-groups = {chr2017{\_}paper{\_}cited},
number = {1},
pages = {23--28},
title = {{High efficiency transformation of \textit{Escherichia coli} with plasmids}},
volume = {96},
year = {1990},
langid = {english}
}

@article{Patterson2001,
author = {Patterson, George and Day, Rich N. and Piston, David},
isbn = {0021-9533 (Print)$\backslash$r0021-9533 (Linking)},
issn = {0021-9533},
journal = {Journal of cell science},
number = {Pt 5},
pages = {837--838},
pmid = {11181166},
title = {{Fluorescent protein spectra}},
volume = {114},
year = {2001},
langid = {english}
}


@article{Zhang2013,
author = {Zhang, Hengshan and Zeidler, Ane F B and Song, Wei and Puccia, Christopher M and Malc, Ewa and Greenwell, Patricia W and Mieczkowski, Piotr A and Petes, Thomas D and Argueso, Juan Lucas},
doi = {10.1534/genetics.112.146522},
file = {:home/drozdovapb/.local/share/data/Mendeley Ltd./Mendeley Desktop/Downloaded/Zhang et al. - 2013 - Gene copy-number variation in haploid and diploid strains of the yeast \Saccer.pdf:pdf},
issn = {1943-2631},
journal = {Genetics},
number = {3},
pages = {785--801},
pmid = {23307895},
title = {{Gene copy-number variation in haploid and diploid strains of the yeast \Saccer}},
volume = {193},
year = {2013},
langid = {english}
}

@article{Zhang2011al,
author = {Zhang, Tingting and Lei, Jie and Yang, Hanjiang and Xu, Kun and Wang, Rui and Zhang, Zhiying},
journal = {Yeast},
volume = {26},
number = {October},
pages = {795--798},
title = {{An improved method for whole protein extraction from yeast \Saccer}},
year = {2011},
langid = {english}
}

@article{Danecek2011,
  title={The variant call format and VCFtools},
  author={Danecek, Petr and Auton, Adam and Abecasis, Goncalo and Albers, Cornelis A and Banks, Eric and DePristo, Mark A and Handsaker, Robert E and Lunter, Gerton and Marth, Gabor T and Sherry, Stephen T and others},
  journal={Bioinformatics},
  volume={27},
  number={15},
  pages={2156--2158},
  year={2011},
  publisher={Oxford Univ Press},
  langid = {english}
}

@article{Schindelin2015,
  title={The ImageJ ecosystem: An open platform for biomedical image analysis},
  author={Schindelin, Johannes and Rueden, Curtis T and Hiner, Mark C and Eliceiri, Kevin W},
  journal={Molecular reproduction and development},
  volume={82},
  number={7-8},
  pages={518--529},
  year={2015},
  publisher={Wiley Online Library},
  langid = {english}
}

@article{Wang2005,
abstract = {Array CGH is a powerful technique for genomic studies of cancer. It enables one to carry out genome-wide screening for regions of genetic alterations, such as chromosome gains and losses, or localized amplifications and deletions. In this paper, we propose a new algorithm 'Cluster along chromosomes' (CLAC) for the analysis of array CGH data. CLAC builds hierarchical clustering-style trees along each chromosome arm (or chromosome), and then selects the 'interesting' clusters by controlling the False Discovery Rate (FDR) at a certain level. In addition, it provides a consensus summary across a set of arrays, as well as an estimate of the corresponding FDR. We illustrate the method using an application of CLAC on a lung cancer microarray CGH data set as well as a BAC array CGH data set of aneuploid cell strains.},
author = {Wang, Pei and Kim, Young and Pollack, Jonathan and Narasimhan, Balasubramanian and Tibshirani, Robert},
doi = {10.1093/biostatistics/kxh017},
issn = {1465-4644},
journal = {Biostatistics (Oxford, England)},
keywords = {Algorithms,Chromosome Aberrations,Cluster Analysis,Gene Dosage,Genome, Human,Humans,Lung Neoplasms,Lung Neoplasms: genetics,Nucleic Acid Hybridization,Nucleic Acid Hybridization: methods,Oligonucleotide Array Sequence Analysis,Oligonucleotide Array Sequence Analysis: methods},
mendeley-groups = {chr2017{\_}paper{\_}cited},
number = {1},
pages = {45--58},
pmid = {15618527},
title = {{A method for calling gains and losses in array CGH data}},
volume = {6},
year = {2005},
langid = {english}
}

@article{Barnes1977,
author = {Barnes, W M},
journal = {Science},
number = {4276},
title = {{Plasmid detection and sizing in single colony lysates}},
volume = {195},
year = {1977},
langid = {english},
pages = {393-394}
}

@article{Legras2007,
author = {Legras, Jean-Luc and Merdinoglu, Didier and Cornuet, Jean-Marie and Karst, Francis},
doi = {10.1111/j.1365-294X.2007.03266.x},
issn = {0962-1083},
journal = {Molecular ecology},
number = {10},
pages = {2091--102},
pmid = {17498234},
title = {{Bread, beer and wine: \Saccer diversity reflects human history}},
volume = {16},
year = {2007},
langid = {english}
}

@article{Kochenova2011ru,
author = {Коченова, О. В. and Сошкина, Ю. В. and Степченкова, Е. И. and Инге-Вечтомов, С. Г. and Щербакова, П. В.},
title = {Участие ДНК-полимераз репликативного обхода повреждений в поддержании целостности хромосом у дрожжей \Saccer},
journal = {Биохимия},
number = {1},
volume = {76},
year = {2011},
langid = {russian},
pages = {62--75}
}


@article{Tawfik1989,
author = {Tawfik, O W and Papasian, C J and Dixon, A Y and Potter, L M},
issn = {00951137},
journal = {Journal of Clinical Microbiology},
number = {7},
pages = {1689-- 1691},
pmid = {2671026},
publisher = {American Society for Microbiology},
title = {{\Saccer pneumonia in a patient with acquired immune deficiency syndrome}},
volume = {27},
year = {1989},
langid = {english}
}

@article{Dunlop1975,
author = {Dunlop, P C and Roon, R J},
issn = {0021-9193},
journal = {Journal of bacteriology},
number = {3},
pages = {1017--24},
pmid = {238936},
publisher = {American Society for Microbiology},
title = {{L-asparaginase of \Saccer: an extracellular enzyme}},
volume = {122},
year = {1975},
langid = {english}
}

@inbook{Entian2007,
  title={Yeast genetic strain and plasmid collections},
  author={Entian, Karl-Dieter and K{\"o}tter, Peter},
  journal={Methods in microbiology},
  volume={36},
  pages={629--666},
  year={2007},
  publisher={Elsevier},
  langid = {english}
}

@article{Fitzpatrick2011,
author = {Fitzpatrick, David A and O'Brien, Jennifer and Moran, Ciara and Hasin, Naushaba and Kenny, Elaine and Cormican, Paul and Gates, Amy and Morris, Derek W and Jones, Gary W},
doi = {10.1371/journal.pone.0028684},
file = {:media/drozdovapb/441DB6652D7ED741/Work/Papers/Genomes and evolution/2011{\_}Fitzpatrick et al(Jones){\_}sequencing PSI strains.pdf:pdf},
issn = {1932-6203},
journal = {PloS one},
keywords = {Adaptation, Physiological,Codon, Nonsense,Codon, Nonsense: genetics,Codon, Terminator,Codon, Terminator: genetics,Genes, Fungal,Genes, Fungal: genetics,Heat-Shock Response,Heat-Shock Response: genetics,Mutation,Mutation: genetics,Open Reading Frames,Open Reading Frames: genetics,Phenotype,Phylogeny,Polymorphism, Single Nucleotide,Polymorphism, Single Nucleotide: genetics,Prions,Prions: metabolism,\Saccer,\Saccer: cytology,\Saccer: genetics,\Saccer: growth {\&} development,Stress, Physiological,Stress, Physiological: genetics,Temperature},
number = {12},
pages = {e28684},
pmid = {22194885},
title = {{Assessment of inactivating stop codon mutations in forty \Saccer strains: implications for \PSI prion-mediated phenotypes}},
volume = {6},
year = {2011},
langid = {english}
}

@article{Nijkamp2012,
author = {Nijkamp, Jurgen F and van den Broek, Marcel and Datema, Erwin and de Kok, Stefan and Bosman, Lizanne and Luttik, Marijke A and Daran-Lapujade, Pascale and Vongsangnak, Wanwipa and Nielsen, Jens and Heijne, Wilbert HM and Klaassen, Paul and Paddon, Chris J and Platt, Darren and Kotter, Peter and van Ham, Roeland C and Reinders, Marcel JT and Pronk, Jack T and Ridder, Dick DE and Daran, Jean-Marc },
doi = {10.1186/1475-2859-11-36},
issn = {1475-2859},
journal = {Microbial Cell Factories},
keywords = {Applied Microbiology,Biotechnology,Microbiology},
number = {1},
pages = {36},
publisher = {BioMed Central},
title = {{\textit{De novo} sequencing, assembly and analysis of the genome of the laboratory strain \Saccer CEN.PK113-7D, a model for modern industrial biotechnology}},
volume = {11},
year = {2012},
langid = {english}
}

@article{Botstein1979,
author = {Botstein, D and Falco, S C and Stewart, S E and Brennan, M and Scherer, S and Stinchcomb, D T and Struhl, K and Davis, R W},
issn = {0378-1119},
journal = {Gene},
number = {1},
pages = {17--24},
pmid = {395030},
title = {{Sterile host yeasts (SHY): a eukaryotic system of biological containment for recombinant DNA experiments}},
volume = {8},
year = {1979},
langid = {english}
}

@article{Wolfe1997,
author = {Wolfe, K H and Shields, D C},
doi = {10.1038/42711},
issn = {0028-0836},
journal = {Nature},
keywords = {Chromosomes, Fungal,Evolution, Molecular,Genome, Fungal,Kluyveromyces,Kluyveromyces: genetics,Models, Genetic,Multigene Family,Phylogeny,Ploidies,\Saccer,\Saccer: classification,\Saccer: genetics},
number = {6634},
pages = {708--13},
pmid = {9192896},
title = {{Molecular evidence for an ancient duplication of the entire yeast genome}},
volume = {387},
year = {1997},
langid = {english}
}

@article{Wolfe2015,
author = {Wolfe, Kenneth H},
file = {:media/drozdovapb/441DB6652D7ED741/Work/Papers/Genomes and evolution/2015{\_}Wolfe{\_}Origin of WGD.pdf:pdf},
issn = {15457885},
journal = {PLoS Biology},
number = {8},
pages = {e1002221},
pmid = {26252643},
publisher = {Public Library of Science},
title = {{Origin of the yeast whole-genome duplication}},
volume = {13},
year = {2015},
langid = {english}
}

@article{Hahn2011,
author = {Hahn, Steven and Young, Elton T},
issn = {1943-2631},
journal = {Genetics},
keywords = {Amino Acid Sequence,Animals,Fungal,Fungal: genetics,Gene Expression Regulation,Genetic,Genetic: genetics,Humans,Molecular Sequence Data,\Saccer,\Saccer: genetics,\Saccer: metabolism,Transcription,Transcription Factors,Transcription Factors: chemistry,Transcription Factors: metabolism,Transcription Initiation Site,Transcriptional Activation,Transcriptional Activation: genetics},
mendeley-groups = {Yeast biology reviews},
number = {3},
pages = {705--36},
pmid = {22084422},
title = {{Transcriptional regulation in \Saccer: transcription factor regulation and function, mechanisms of initiation, and roles of activators and coactivators}},
volume = {189},
year = {2011},
langid = {english}
}

@article{Teixeira2006,
author = {Teixeira, Miguel C and Monteiro, Pedro and Jain, Pooja and Tenreiro, Sandra and Fernandes, Alexandra R and Mira, Nuno P and Alenquer, Marta and Freitas, Ana T and Oliveira, Arlindo L and S{\'{a}}-Correia, Isabel},
doi = {10.1093/nar/gkj013},
issn = {1362-4962},
journal = {Nucleic acids research},
number = {Database issue},
pages = {D446--51},
pmid = {16381908},
title = {{The YEASTRACT database: a tool for the analysis of transcription regulatory associations in \Saccer}},
volume = {34},
year = {2006},
langid = {english}
}

@article{Outten2013,
  title={Iron sensing and regulation in \Saccer: ironing out the mechanistic details},
  author={Outten, Caryn E and Albetel, Angela-Nadia},
  journal={Current opinion in microbiology},
  volume={16},
  number={6},
  pages={662--668},
  year={2013},
  publisher={Elsevier},
  langid={english}
}

@article{Pimentel2012,
author = {Pimentel, Catarina and Vicente, Cristina and Menezes, Regina Andrade and Caetano, Soraia and Carreto, Laura and Rodrigues-Pousada, Claudina},
file = {::},
issn = {1932-6203},
journal = {PloS one},
keywords = {Basic-Leucine Zipper Transcription Factors,Basic-Leucine Zipper Transcription Factors: geneti,Basic-Leucine Zipper Transcription Factors: physio,Cation Transport Proteins,Cation Transport Proteins: biosynthesis,Gene Expression,Gene Expression Regulation, Fungal,Gene Expression Regulation, Fungal: drug effects,Gene Expression Regulation, Fungal: physiology,Glutaredoxins,Glutaredoxins: biosynthesis,Homeostasis,Iron,Iron Overload,Iron Overload: physiopathology,Iron: metabolism,Iron: pharmacology,Nuclear Localization Signals,Nuclear Localization Signals: physiology,\Saccer,\Saccer Proteins,\Saccer Proteins: biosynthesis,\Saccer Proteins: genetics,\Saccer Proteins: metabolism,\Saccer Proteins: physiology,\Saccer: metabolism,Transcription Factors,Transcription Factors: metabolism},
number = {5},
pages = {e37434},
pmid = {22616008},
title = {{The role of the Yap5 transcription factor in remodeling gene expression in response to Fe bioavailability}},
volume = {7},
year = {2012},
langid = {english}
}

@article{Zhang2014,
  title={Essential functions of iron-requiring proteins in DNA replication, repair and cell cycle control},
  author={Zhang, Caiguo},
  journal={Protein \& cell},
  volume={5},
  number={10},
  pages={750--760},
  year={2014},
  publisher={Springer},
  langid = {english}
}

@article{Martinez2016,
  title={Responses of \Saccer strains from different origins to elevated iron concentrations},
  author={Martínez-Garay, Carlos Andrés and De Llanos, Rosa and Romero, Antonia María and Martínez-Pastor, María Teresa and Puig, Sergi},
  journal={Applied and environmental microbiology},
  volume={82},
  number={6},
  pages={1906--1916},
  year={2016},
  publisher={Am Soc Microbiol},
  langid = {english}
}


@article{Babu2006,
  title={The natural history of the WRKY--GCM1 zinc fingers and the relationship between transcription factors and transposons},
  author={Babu, M Madan and Iyer, Lakshminarayan M and Balaji, S and Aravind, L},
  journal={Nucleic acids research},
  volume={34},
  number={22},
  pages={6505--6520},
  year={2006},
  publisher={Oxford Univ Press},
  langid = {english}	
}

@article{Braun2014,
  title={Coupling mRNA synthesis and decay},
  author={Braun, Katherine A and Young, Elton T},
  journal={Molecular and cellular biology},
  volume={34},
  number={22},
  pages={4078--4087},
  year={2014},
  publisher={Am Soc Microbiol},
  langid = {english}
}

@article{Patel2009,
	author = {Patel, Basant K and Gavin-Smyth, Jackie and Liebman, Susan W},
	journal = {Nature cell biology},
	month = {mar},
	number = {3},
	pages = {344--9},
	pmid = {19219034},
	title = {{The yeast global transcriptional co-repressor protein Cyc8 can propagate as a prion}},
	volume = {11},
	year = {2009},
	  langid = {english}
}


@article{Holmes2013,
	author = {Holmes, Daniel L. and Lancaster, Alex K. and Lindquist, Susan and Halfmann, Randal},
	journal = {Cell},
	mendeley-groups = {Prions},
	month = {mar},
	number = {1},
	pages = {153--165},
	title = {Heritable remodeling of yeast multicellularity by an environmentally responsive prion},
	volume = {153},
	year = {2013},
	  langid = {english}
}

@article{Newby2013,
	author = {Newby, Gregory A and Lindquist, Susan},
	doi = {10.1016/j.tcb.2013.01.007},
	journal = {Trends in cell biology},
	month = {jun},
	number = {6},
	pages = {251--9},
	pmid = {23485338},
	publisher = {Elsevier Ltd},
	title = {{Blessings in disguise: biological benefits of prion-like mechanisms}},
	volume = {23},
	year = {2013},
	  langid = {english}
}


@article{Moriyama2000,
	author = {Moriyama, H and Edskes, H K and Wickner, R B},
	issn = {0270-7306},
	journal = {Molecular and cellular biology},
	month = {dec},
	number = {23},
	pages = {8916--22},
	pmid = {11073991},
	title = {{[\textit{URE3}] prion propagation in \Saccer: requirement for chaperone Hsp104 and curing by overexpressed chaperone Ydj1p}},
	volume = {20},
	year = {2000},
	langid = {english}
}


@article{Wang2003,
abstract = {The SWI/SNF family of complexes utilizes the energy of ATP hydrolysis to remodel chromatin structures, thereby allowing transcription factors to gain access to DNA. Recent studies suggest that these remodelers also participate in other DNA metabolic reactions such as replication and viral integration, and even in control of cell growth and tumor suppression. The SWI/SNF remodelers can be classified into at least two distinct subfamilies: one includes human BAF (also known as hSWI/SNF-A) and yeast SWI/SNF; the other comprises human PBAF (hSWI/SNF-B) and yeast RSC. Although both types of complexes have similar subunit composition and chromatin remodeling activity in vitro, they cannot replace each other during transcription mediated by specific activators. Thus, each remodeler probably works with a specific set of activators during gene activation. The availability of distinct types of remodelers can allow cells to regulate expression of a specific group of genes by modulating the activity of corresponding remodelers.},
author = {Wang, W},
issn = {0070-217X},
journal = {Current topics in microbiology and immunology},
keywords = {Adenosine Triphosphate,Adenosine Triphosphate: metabolism,Animals,Arabidopsis,Caenorhabditis elegans,Chromatin,Chromatin: metabolism,Chromosomal Proteins, Non-Histone,Chromosomal Proteins, Non-Histone: metabolism,Chromosomal Proteins, Non-Histone: physiology,Drosophila,Eukaryotic Cells,Eukaryotic Cells: physiology,Gene Expression Regulation,Humans,Proteins,Proteins: genetics,Proteins: metabolism,Species Specificity,Transcription Factors,Transcription Factors: metabolism,Transcription Factors: physiology,Transcriptional Activation},
pages = {143--69},
pmid = {12596907},
title = {{The SWI/SNF family of ATP-dependent chromatin remodelers: similar mechanisms for diverse functions}},
volume = {274},
year = {2003},
langid = {english}
}


@article{Sondheimer2000,
abstract = {Two protein-based genetic elements (prions) have been identified in yeast. It is not clear whether other prions exist, nor is it understood how one might find them. We established criteria for searching protein databases for prion candidates and found several. The first examined, Rnq1, exists in distinct, heritable physical states, soluble and insoluble. The insoluble state is dominant and transmitted between cells through the cytoplasm. When the prion-like region of Rnq1 was substituted for the prion domain of Sup35, the protein determinant of the prion [PSI+], the phenotypic and epigenetic behavior of [PSI+] was fully recapitulated. These findings identify Rnq1 as a prion, demonstrate that prion domains are modular and transferable, and establish a paradigm for identifying and characterizing novel prions.},
author = {Sondheimer, Neal and Lindquist, Susan},
doi = {10.1016/S1097-2765(00)80412-8},
file = {:media/drozdovapb/441DB6652D7ED741/Work/Papers/Prions/RNQ/2000{\_}Sondheimer and Lindquist.pdf:pdf},
issn = {10972765},
journal = {Molecular Cell},
number = {1},
pages = {163--172},
title = {{Rnq1: An epigenetic modifier of protein function in yeast}},
volume = {5},
year = {2000},
langid = {english}
}


@article{Derkatch2001,
	author = {Derkatch, I L and Bradley, M E and Hong, J Y and Liebman, S W},
	issn = {0092-8674},
	journal = {Cell},
	number = {2},
	pages = {171--182},
	pmid = {11511345},
	title = {{Prions affect the appearance of other prions: the story of [\textit{PIN}\up{+}]}},
	volume = {106},
	year = {2001},
	langid = {english}
}

@article{Stein2011,
	author = {Stein, Kevin C and True, Heather L},
	journal = {Prion},
	month = {jan},
	number = {4},
	pages = {291--8},
	pmid = {22052347},
	publisher = {Landes Bioscience},
	title = {{The [\textit{RNQ}\up{+}] prion: a model of both functional and pathological amyloid}},
	volume = {5},
	year = {2011},
	langid = {english}
}


@incollection{Drozdova2015,
author = {Drozdova, Polina and Matveenko, Andrew},
booktitle = {The Prion Phenomena in Neurodegenerative Diseases: New Frontiers in Neuroscience},
editor = {Legname, Giuseppe and Giachin, Gabriele},
pages = {209--236},
publisher = {Nova Science Publishers},
title = {{Prions in yeast: Thinking outside of the brain}},
year = {2015},
langid = {english}
}



@article{Saifitdinova2010,
	author = {Saifitdinova, Alsu F and Nizhnikov, Anton a and Lada, Artem G and Rubel, Alexandr a and Magomedova, Zalina M and Ignatova, Valentina V and Inge-Vechtomov, Sergey G and Galkin, Alexey P},
	doi = {10.1007/s00294-010-0314-2},
	isbn = {0029401003},
	issn = {1432-0983},
	journal = {Current genetics},
	month = {oct},
	number = {5},
	pages = {467--78},
	pmid = {20668856},
	title = {{[\textit{NSI}\up{+}]: a novel non-Mendelian nonsense suppressor determinant in \Saccer}},
	volume = {56},
	year = {2010},
	langid = {english}
}


@article{Halfmann2012pr,
author = {Halfmann, Randal and Jarosz, Daniel F and Jones, Sandra K and Chang, Amelia and Lancaster, Alex K and Lindquist, Susan},
doi = {10.1038/nature10875},
issn = {1476-4687},
journal = {Nature},
number = {7385},
pages = {363--8},
pmid = {22337056},
title = {{Prions are a common mechanism for phenotypic inheritance in wild yeasts}},
volume = {482},
year = {2012},
langid = {english}
}



@article{Manogaran2010,
author = {Manogaran, Anita L and Fajardo, Viviana M and Reid, Robert J D and Rothstein, Rodney and Liebman, Susan W},
doi = {10.1002/yea.1740},
file = {:home/drozdovapb/.local/share/data/Mendeley Ltd./Mendeley Desktop/Downloaded/Manogaran et al. - 2010 - Most, but not all, yeast strains in the deletion library contain the PIN() prion.pdf:pdf},
issn = {1097-0061},
journal = {Yeast},
keywords = {Gene Deletion,Genomic Library,Heat-Shock Proteins,Heat-Shock Proteins: genetics,Prions,Prions: genetics,\Saccer,\Saccer Proteins,\Saccer Proteins: genetics,\Saccer: genetics},
number = {3},
pages = {159--66},
pmid = {20014044},
title = {{Most, but not all, yeast strains in the deletion library contain the [\textit{PIN}\up{+}] prion}},
volume = {27},
year = {2010},
langid = {english}
}

@article{Chernova2014,
author = {Chernova, Tatiana A and Wilkinson, Keith D and Chernoff, Yury O},
doi = {10.1111/1574-6976.12053},
issn = {1574-6976},
journal = {FEMS microbiology reviews},
keywords = {Actin Cytoskeleton,Actin Cytoskeleton: metabolism,Adaptation, Physiological,Adaptation, Physiological: physiology,Environment,Heat-Shock Proteins,Heat-Shock Proteins: metabolism,Prions,Prions: metabolism,Proteasome Endopeptidase Complex,Proteasome Endopeptidase Complex: metabolism,\Saccer,\Saccer: genetics,\Saccer: metabolism,\Saccer: physiology,Ubiquitin,Ubiquitin: metabolism},
number = {2},
pages = {326--344},
pmid = {24236638},
title = {{Physiological and environmental control of yeast prions}},
volume = {38},
year = {2014},
langid = {english}
}

@article{Nakayashiki2005,
author = {Nakayashiki, Toru and Kurtzman, Cletus P and Edskes, Herman K and Wickner, Reed B},
doi = {10.1073/pnas.0504882102},
issn = {0027-8424},
journal = {PNAS U. S. A.},
number = {30},
pages = {10575--80},
pmid = {16024723},
title = {{Yeast prions [\textit{URE3}] and \PSI are diseases}},
volume = {102},
year = {2005},
langid = {english}
}



@article{vonderHaar2007,
author = {von der Haar, Tobias and Tuite, Mick F},
doi = {10.1016/j.tim.2006.12.002},
issn = {0966-842X},
journal = {Trends in microbiology},
keywords = {Codon, Terminator,Codon, Terminator: physiology,Genes, Fungal,Genes, Fungal: genetics,Protein Biosynthesis,RNA Stability,RNA, Messenger,RNA, Messenger: metabolism,\Saccer,\Saccer Proteins,\Saccer Proteins: biosynthesis,\Saccer: genetics,\Saccer: growth {\&} development,\Saccer: metabolism},
mendeley-groups = {Prions},
number = {2},
pages = {78--86},
pmid = {17187982},
title = {{Regulated translational bypass of stop codons in yeast}},
volume = {15},
year = {2007},
langid = {english}
}

@article{Laten1978,
author = {Laten, Howard and Gorman, John and Bock, Robert M.},
doi = {10.1093/nar/5.11.4329},
file = {:media/drozdovapb/441DB6652D7ED741/Work/Papers/Prions/MOD5/Mod5p and suppression/1978{\_}Laten{\_}Mod5.pdf:pdf},
issn = {0305-1048},
journal = {NAR},
number = {11},
pages = {4329--4342},
title = {{Isopentenyladenosine deficient tRNA from an antisuppressor mutant of \Saccer}},
volume = {5},
year = {1978},
langid = {english}
}

@article{Tuite2007,
author = {Tuite, Mick F and Cox, Brian S},
file = {:media/drozdovapb/441DB6652D7ED741/Work/Papers/Prions/2007{\_}Tuite, Cox{\_}PSI (review).pdf:pdf},
issn = {1933-690X},
journal = {Prion},
keywords = {Cytoplasm,Cytoplasm: genetics,Cytoplasm: metabolism,Glutathione Peroxidase,Mutation,Peptide Termination Factors,Prions,Prions: genetics,Prions: metabolism,\Saccer,\Saccer Proteins,\Saccer Proteins: genetics,\Saccer Proteins: metabolism,\Saccer: genetics,\Saccer: metabolism},
mendeley-groups = {chr2017{\_}paper{\_}cited},
number = {2},
pages = {101--9},
pmid = {19164924},
title = {{The genetic control of the formation and propagation of the \PSI prion of yeast}},
volume = {1},
year = {2007},
langid = {english}
}


@article{Chakrabortee2016,
  title={Intrinsically disordered proteins drive emergence and inheritance of biological traits},
  author={Chakrabortee, Sohini and Byers, James S and Jones, Sandra and Garcia, David M and Bhullar, Bhupinder and Chang, Amelia and She, Richard and Lee, Laura and Fremin, Brayon and Lindquist, Susan and others},
  journal={Cell},
  volume={167},
  number={2},
  pages={369--381},
  year={2016},
  publisher={Elsevier},
  langid = {english}
}

@article{Pezza2014,
  title={Amyloid-associated activity contributes to the severity and toxicity of a prion phenotype},
  author={Pezza, John A and Villali, Janice and Sindi, Suzanne S and Serio, Tricia R},
  journal={Nature communications},
  volume={5},
  year={2014},
  publisher={Nature Publishing Group},
  langid = {english}
}

@article{Cairns1994,
  title={A multisubunit complex containing the SWI1/ADR6, SWI2/SNF2, SWI3, SNF5, and SNF6 gene products isolated from yeast.},
  author={Cairns, Bradley R and Kim, Young-Joon and Sayre, Michael H and Laurent, Brehon C and Kornberg, Roger D},
  journal={PNAS U. S. A.},
  volume={91},
  number={5},
  pages={1950--1954},
  year={1994},
  publisher={National Acad Sciences},
  langid = {english}
}

@article{Kaiser2013,
  title={A network of genes connects polyglutamine toxicity to ploidy control in yeast},
  author={Kaiser, Christoph JO and Gr{\"o}tzinger, Stefan W and Eckl, Julia M and Papsdorf, Katharina and Jordan, Stefan and Richter, Klaus},
  journal={Nature communications},
  volume={4},
  pages={1571},
  year={2013},
  publisher={Nature Publishing Group},
  langid = {english}
}

@article{Peterson1992,
  title={Characterization of the yeast \textit{SWI1}, \textit{SWI2}, and \textit{SWI3} genes, which encode a global activator of transcription},
  author={Peterson, Craig L and Herskowitz, Ira},
  journal={Cell},
  volume={68},
  number={3},
  pages={573--583},
  year={1992},
  publisher={Elsevier},
  langid = {english}
}

@article{Gong2012,
	author = {Gong, He and Romanova, Nina V and Allen, Kim D and Chandramowlishwaran, Pavithra and Gokhale, Kavita and Newnam, Gary P and Mieczkowski, Piotr and Sherman, Michael Y and Chernoff, Yury O},
	doi = {10.1371/journal.pgen.1002634},
	file = {:media/drozdovapb/441DB6652D7ED741/Work/Papers/Prions/2011{\_}Gong(Chernov){\_}PolyQ toxicity{\_}Sup45{\_}aggreg.pdf:pdf},
	issn = {1553-7404},
	journal = {PLoS genetics},
	title = {Polyglutamine toxicity is controlled by prion composition and gene dosage in yeast},
	month = {jan},
	number = {4},
	pages = {e1002634},
	pmid = {22536159},
	volume = {8},
	year = {2012},
	langid = {english}
}

@article{Zhu2012,
  title={Karyotypic determinants of chromosome instability in aneuploid budding yeast},
  author={Zhu, Jin and Pavelka, Norman and Bradford, William D and Rancati, Giulia and Li, Rong},
  journal={PLoS Genet},
  volume={8},
  number={5},
  pages={e1002719},
  year={2012},
  publisher={Public Library of Science},
  langid = {english}
}


@article{StCharles2010,
  title={Meiotic chromosome segregation in triploid strains of \Saccer},
  author={Charles, Jordan St and Hamilton, Monica L and Petes, Thomas D},
  journal={Genetics},
  volume={186},
  number={2},
  pages={537--550},
  year={2010},
  publisher={Genetics Soc America},
  langid = {english}
}

@article{Libuda2006,
	author = {Libuda, Diana E and Winston, Fred},
	doi = {10.1038/nature05205},
	issn = {1476-4687},
	journal = {Nature},
	month = {oct},
	number = {7114},
	pages = {1003--7},
	pmid = {17066037},
	publisher = {Nature Publishing Group},
	shorttitle = {Nature},
	title = {{Amplification of histone genes by circular chromosome formation in \Saccer}},
	volume = {443},
	year = {2006},
	langid = {english}
}


@book{Bretz2011,
  title={Multiple comparisons using R},
  author={Bretz, Frank and Hothorn, Torsten and Westfall, Peter},
  year={2011},
  publisher={CRC Press},
  langid = {english}
}

@article{Chabelskaya2004,
	author = {Chabelskaya, S and Kiktev, D and Inge-Vechtomov, S and Philippe, M and Zhouravleva, G},
	doi = {10.1007/s00438-004-1053-1},
	isbn = {3322323447},
	issn = {1617-4615},
	journal = {Molecular genetics and genomics},
	month = {oct},
	number = {3},
	pages = {297--307},
	pmid = {15349771},
	title = {{Nonsense mutations in the essential gene \textit{SUP35} of \Saccer are non-lethal}},
	volume = {272},
	year = {2004},
	langid = {english}
}

  @article{Hothorn2008m,
    title = {Simultaneous inference in general parametric models},
    author = {Torsten Hothorn and Frank Bretz and Peter Westfall},
    journal = {Biometrical Journal},
    year = {2008},
    volume = {50},
    number = {3},
    pages = {346--363},
    langid = {english}
  }


@article{Winston1995,
  title={Construction of a set of convenient \Saccer strains that are isogenic to S288C},
  author={Winston, Fred and Dollard, Catherine and Ricupero-Hovasse, Stephanie L},
  journal={Yeast},
  volume={11},
  number={1},
  pages={53--55},
  year={1995},
  publisher={Wiley Online Library},
  langid = {english}
}

@article{Brachmann1998,
	author = {Brachmann, C B and Davies, A and Cost, G J and Caputo, E and Li, J and Hieter, P and Boeke, J D},
	journal = {Yeast},
	month = {jan},
	number = {2},
	pages = {115--32},
	pmid = {9483801},
	title = {{Designer deletion strains derived from \Saccer S288C: a useful set of strains and plasmids for PCR-mediated gene disruption and other applications}},
	volume = {14},
	year = {1998},
	langid = {english}
}

@article{Torok1996,
  title={Quest for wine yeasts—an old story revisited},
  author={T{\"o}r{\"o}k, T and Mortimer, RK and Romano, P and Suzzi, G and Polsinelli, M},
  journal={Journal of Industrial Microbiology},
  volume={17},
  number={3-4},
  pages={303--313},
  year={1996},
  publisher={Springer},
  langid = {english}
}



@article{Bird2006,
  title={Repression of \textit{ADH1} and \textit{ADH3} during zinc deficiency by Zap1-induced intergenic RNA transcripts},
  author={Bird, Amanda J and Gordon, Mat and Eide, David J and Winge, Dennis R},
  journal={The EMBO journal},
  volume={25},
  number={24},
  pages={5726--5734},
  year={2006},
  publisher={EMBO Press},
  langid = {english}
}


@article{Pagani2007,
  title={The \Saccer Crs5 metallothionein metal-binding abilities and its role in the response to zinc overload},
  author={Pagani, Ayelen and Villarreal, Laura and Capdevila, Merc{\`e} and Atrian, S{\'\i}lvia},
  journal={Molecular microbiology},
  volume={63},
  number={1},
  pages={256--269},
  year={2007},
  publisher={Wiley Online Library},
  langid = {english}
}

@article{Dameron1991,
  title={A copper-thiolate polynuclear cluster in the ACE1 transcription factor},
  author={Dameron, CT and Winge, Dennis R and George, GN and Sansone, M and Hu, S and Hamer, D},
  journal={PNAS U. S. A.},
  volume={88},
  number={14},
  pages={6127--6131},
  year={1991},
  publisher={National Acad Sciences},
  langid = {english}
}

@article{Jungmann1993,
  title={MAC1, a nuclear regulatory protein related to Cu-dependent transcription factors is involved in Cu/Fe utilization and stress resistance in yeast.},
  author={Jungmann, Joern and Reins, Hans-Albert and Lee, Jinhwa and Romeo, Annette and Hassett, Richard and Kosman, Daniel and Jentsch, S},
  journal={The EMBO journal},
  volume={12},
  number={13},
  pages={5051},
  year={1993},
  publisher={European Molecular Biology Organization},
  langid = {english}
}

@article{Warringer2011,
  title={Trait variation in yeast is defined by population history},
  author={Warringer, Jonas and Z{\"o}rg{\"o}, Enik{\"o} and Cubillos, Francisco A and Zia, Amin and Gjuvsland, Arne and Simpson, Jared T and Forsmark, Annabelle and Durbin, Richard and Omholt, Stig W and Louis, Edward J and others},
  journal={PLoS Genet},
  volume={7},
  number={6},
  pages={e1002111},
  year={2011},
  publisher={Public Library of Science},
  langid = {english}
}

@article{Philpott2013,
  title={Iron starvation response in \Saccer},
  author={Philpott, Caroline C and Smith, Pamela M},
  journal={Encyclopedia of Inorganic and Bioinorganic Chemistry},
  year={2013},
  publisher={Wiley Online Library},
  langid = {english}
}

@article{Hinnebusch2011,
	author = {Hinnebusch, Alan G},
	doi = {10.1128/MMBR.00008-11},
	journal = {Microbiology and molecular biology reviews : MMBR},
	month = {sep},
	number = {3},
	pages = {434--67},
	pmid = {21885680},
	publisher = {American Society for Microbiology},
	title = {{Molecular mechanism of scanning and start codon selection in eukaryotes}},
	volume = {75},
	year = {2011},
	langid = {english}
}

@article{Nizhnikov2014,
  title={Modulation of efficiency of translation termination in \Saccer: turning nonsense into sense},
  author={Nizhnikov, Anton A and Antonets, Kirill S and Inge-Vechtomov, Sergey G and Derkatch, Irina L},
  journal={Prion},
  volume={8},
  number={3},
  pages={247--260},
  year={2014},
  publisher={Taylor \& Francis},
  langid = {english}
}

@article{Wada2014,
author = {Wada, Miki and Ito, Koichi},
doi = {10.1093/nar/gku493},
file = {:media/drozdovapb/441DB6652D7ED741/Work/Papers/Translation/2014{\_}Wada{\&}Ito{\_}eRF1{\&}eRF3.pdf:pdf},
issn = {1362-4962},
journal = {Nucleic acids research},
keywords = {Codon, Terminator,Fungal Proteins,Fungal Proteins: genetics,Genetic Complementation Test,Models, Molecular,Molecular Mimicry,Mutation,Peptide Chain Termination, Translational,Peptide Termination Factors,Peptide Termination Factors: chemistry,Peptide Termination Factors: genetics,Peptide Termination Factors: metabolism,Pneumocystis carinii,Pneumocystis carinii: genetics,Ribosomes,\Saccer,\Saccer Proteins,\Saccer Proteins: chemistry,\Saccer Proteins: genetics,\Saccer Proteins: metabolism,\Saccer: genetics,\Saccer: growth {\&} development},
number = {12},
pages = {7851--66},
pmid = {24914055},
title = {{A genetic approach for analyzing the co-operative function of the tRNA mimicry complex, eRF1/eRF3, in translation termination on the ribosome}},
volume = {42},
year = {2014},
langid = {english}
}


@article{Zadorsky2015,
  title={Chromosome VIII disomy influences the nonsense suppression efficiency and transition metal tolerance of the yeast \Saccer},
  author={Zadorsky, SP and Sopova, YV and Andreichuk, DY and Startsev, VA and Medvedeva, VP and Inge-Vechtomov, SG},
  journal={Yeast},
  volume={32},
  number={6},
  pages={479--497},
  year={2015},
  publisher={Wiley Online Library},
  langid = {english}
}

@article{Akhmaloka2008,
  title={Mutation at tyrosine in AMLRY (GILRY like) motif of yeast eRF1 on nonsense codons suppression and binding affinity to eRF3},
  author={Akhmaloka, Susilowati PE and Subandi, Madayanti F},
  journal={Int J Biol Sci},
  volume={4},
  pages={87--95},
  year={2008},
  langid = {english}
}

@article{Chan2009,
  title={GtRNAdb: a database of transfer RNA genes detected in genomic sequence},
  author={Chan, Patricia P and Lowe, Todd M},
  journal={Nucleic acids research},
  volume={37},
  number={suppl 1},
  pages={D93--D97},
  year={2009},
  publisher={Oxford Univ Press},
  langid = {english}
}

@article{Gilmore1971,
  title={Amino acid replacements resulting from super-suppression of nonsense mutants of iso-1-cytochrome c from yeast},
  author={Gilmore, Richard A and Stewart, John W and Sherman, Fred},
  journal={Journal of Molecular Biology},
  volume={61},
  number={1},
  pages={157--173},
  year={1971},
  publisher={Elsevier},
  langid = {english}
}

@article{Ono1979ser,
  title={Yeast UAA suppressors effective in $\psi$\up{+} strains. Serine-inserting suppressors},
  author={Ono, Bun-Ichiro and Stewart, John W and Sherman, Fred},
  journal={Journal of molecular biology},
  volume={128},
  number={1},
  pages={81--100},
  year={1979},
  publisher={Elsevier},
  langid = {english}
}

@article{Ono1981,
  title={Serine-inserting UAA suppression mediated by yeast tRNA\up{Ser}},
  author={Ono, Bun-Ichiro and Wills, Norma and Stewart, John W and Gesteland, Raymond F and Sherman, Fred},
  journal={Journal of molecular biology},
  volume={150},
  number={3},
  pages={361--373},
  year={1981},
  publisher={Elsevier},
  langid = {english}
}

@article{Hawthorne1968,
  title={Genetic mapping of nonsense suppressors in yeast},
  author={Hawthorne, DC and Mortimer, RK2},
  journal={Genetics},
  volume={60},
  number={4},
  pages={735},
  year={1968},
  publisher={Genetics Society of America},
  langid = {english}
}

@incollection{Hawthorne1974,
  title={Suppressors in yeast},
  author={Hawthorne, Donald C and Leupold, Urs},
  booktitle={Current topics in microbiology and immunology},
  pages={1--47},
  year={1974},
  publisher={Springer},
  langid = {english}
}

@article{Stansfield1995,
author = {Stansfield, Ian and Jones, Kerrie M and Ter-Avanesyan, Michael D and Tuite5, Mick F},
journal = {The EMBO Journal},
keywords = {release factor/},
number = {17},
pages = {4365--4373},
pmid = {7556078},
title = {{The products of the \textit{SUP45} (eRF1) and \textit{SUP35} genes interact to mediate translation termination in \Saccer}},
volume = {14},
year = {1995},
langid = {english}
}

@article{Hawthorne1976,
  title={UGA mutations and UGA suppressors in yeast},
  author={Hawthorne, Donald C},
  journal={Biochimie},
  volume={58},
  number={1},
  pages={179--182},
  year={1976},
  publisher={Elsevier},
  langid = {english}
}

@article{Ono1992,
  title={Mapping of two new codon-specific suppressors in saccharomyces cerevisiae},
  author={Ono, Bun-Ichiro and Arao, Yujiro and Moriyoshi, Kayo},
  journal={Yeast},
  volume={8},
  number={8},
  pages={669--672},
  year={1992},
  publisher={Wiley Online Library},
  langid = {english}
}

@article{Ono1988,
  title={UGA suppressors in \Saccer: allelism, action spectra and map positions},
  author={Ono, BI and Fujimoto, R and Ohno, Y and Maeda, N and Tsuchiya, Y and Usui, T and Ishino-Arao, Y},
  journal={Genetics},
  volume={118},
  number={1},
  pages={41--47},
  year={1988},
  publisher={Genetics Soc America},
  langid = {english}
}


@article{Ono1979leu,
  title={Yeast UAA suppressors effective in $\psi$+ strains: Leucine-inserting suppressors},
  author={Ono, Bun-Ichiro and Stewart, John W and Sherman, Fred},
  journal={Journal of molecular biology},
  volume={132},
  number={3},
  pages={507--520},
  year={1979},
  publisher={Elsevier},
  langid = {english}
}

@article{Ono1979,
  title={Yeast UAA suppressors effective in $\psi$+ strains serine-inserting suppressors},
  author={Ono, Bun-Ichiro and Stewart, John W and Sherman, Fred},
  journal={Journal of molecular biology},
  volume={128},
  number={1},
  pages={81--100},
  year={1979},
  publisher={Elsevier},
  langid = {english}
}


@article{Liebman1976,
  title={Isolation and characterization of amber suppressors in yeast},
  author={Liebman, Susan W and Sherman, Fred and Stewart, John W},
  journal={Genetics},
  volume={82},
  number={2},
  pages={251--272},
  year={1976},
  publisher={Genetics Soc America},
  langid = {english}
}

@article{Brandriss1976,
  title={Substitution of serine caused by a recessive lethal suppressor in yeast},
  author={Brandriss, Marjorie C and Stewart, John W and Sherman, Fred and Botstein, David},
  journal={Journal of molecular biology},
  volume={102},
  number={3},
  pages={467--476},
  year={1976},
  publisher={Elsevier},
  langid = {english}
}


@article{Liebman1977,
  title={Leucine insertion caused by a yeast amber suppressor},
  author={Liebman, Susan W and Stewart, John W and Parker, John H and Sherman, Fred},
  journal={Journal of molecular biology},
  volume={109},
  number={1},
  pages={13--22},
  year={1977},
  publisher={Elsevier},
  langid = {english}
}

@article{Piper1976,
  title={Nonsense suppressors of \Saccer can be generated by mutation of the tyrosine tRNA anticodon},
  author={Piper, Peter W and Wasserstein, Marilyn},
  journal={Nature},
  volume={262},
  pages={757--761},
  year={1976},
  langid = {english}
}


@article{Liebman1984,
  title={Yeast amber suppressors corresponding to tRNA 3 Leu genes},
  author={Liebman, Susan W and Srodulski, Zbigniew and Reed, Carol R and Stewart, John W and Sherman, Fred and Brennan, Gina},
  journal={Journal of molecular biology},
  volume={178},
  number={2},
  pages={209--226},
  year={1984},
  publisher={Elsevier},
  langid = {english}
}

@article{Blanchet2014,
  title={New insights into the incorporation of natural suppressor tRNAs at stop codons in \Saccer},
  author={Blanchet, Sandra and Cornu, David and Argentini, Manuela and Namy, Olivier},
  journal={Nucleic acids research},
  pages={gku663},
  year={2014},
  publisher={Oxford Univ Press},
  langid = {english}
}

@article{Roy2015,
  title={Nonsense suppression by near-cognate tRNAs employs alternative base pairing at codon positions 1 and 3},
  author={Roy, Bijoyita and Leszyk, John D and Mangus, David A and Jacobson, Allan},
  journal={PNAS U. S. A.},
  volume={112},
  number={10},
  pages={3038--3043},
  year={2015},
  publisher={National Acad Sciences},
  langid = {english}
}

@article{Atkin1990,
  title={Construction of an opal suppressor by oligonucleotide-directed mutagenesis of a \Saccer tRNA (Trp) gene.},
  author={Atkin, Audrey L and Roy, KL and Bell, JB},
  journal={Molecular and cellular biology},
  volume={10},
  number={8},
  pages={4379--4383},
  year={1990},
  publisher={Am Soc Microbiol},
  langid = {english}
}

@article{Pure1985,
  title={Partial suppression of an ochre mutation in \Saccer by multicopy plasmids containing a normal yeast tRNA\up{Gln} gene},
  author={Pure, Glenn A and Robinson, Gordon W and Naumovski, Louie and Friedberg, Errol C},
  journal={Journal of molecular biology},
  volume={183},
  number={1},
  pages={31--42},
  year={1985},
  publisher={Elsevier},
  langid = {english}
}

@article{Lin1986,
  title={First position wobble in codon-anticodon pairing: amber suppression by a yeast glutamine tRNA},
  author={Lin, John P and Aker, Mari and Sitney, Karen C and Mortimer, Robert K},
  journal={Gene},
  volume={49},
  number={3},
  pages={383--388},
  year={1986},
  publisher={Elsevier},
  langid = {english}
}

@article{Weiss1987,
  title={Physiological levels of normal tRNA (CAGGln) can effect partial suppression of amber mutations in the yeast \Saccer},
  author={Weiss, William A and Edelman, Irving and Culbertson, Michael R and Friedberg, Errol C},
  journal={PNAS U. S. A.},
  volume={84},
  number={22},
  pages={8031--8034},
  year={1987},
  publisher={National Acad Sciences},
  langid ={english}
}

@article{Ono1989,
  title={Two new loci that give rise to dominant omnipotent suppressors in \Saccer},
  author={Ono, Bun-ichiro and Tanaka, Masahiro and Awano, Ikuko and Okamoto, Fumiyo and Satoh, Reiko and Yamagishi, Noriko and Ishino-Arao, Yumiko},
  journal={Current genetics},
  volume={16},
  number={5-6},
  pages={323--330},
  year={1989},
  publisher={Springer},
  langid = {english}
}

@article{Khoshnevis2010,
  title={The iron--sulphur protein RNase L inhibitor functions in translation termination},
  author={Khoshnevis, Sohail and Gross, Thomas and Rotte, Carmen and Baierlein, Claudia and Ficner, Ralf and Krebber, Heike},
  journal={EMBO reports},
  volume={11},
  number={3},
  pages={214--219},
  year={2010},
  publisher={EMBO Press},
  langid = {english}
}

@article{Beznoskova2013,
  title={Translation initiation factors eIF3 and HCR1 control translation termination and stop codon read-through in yeast cells},
  author={Beznoskova, Petra and Cuchalova, Lucie and Wagner, Susan and Shoemaker, Christopher J and Guni{\v{s}}ova, Stanislava and von der Haar, Tobias and Vala{\v{s}}ek, Leo{\v{s}} Shivaya},
  journal={PLoS Genet},
  volume={9},
  number={11},
  pages={e1003962},
  year={2013},
  publisher={Public Library of Science},
  langid = {english}
}

@article{Lin2010,
  title={The Sua5 protein is essential for normal translational regulation in yeast},
  author={Lin, Changyi A and Ellis, Steven R and True, Heather L},
  journal={Molecular and cellular biology},
  volume={30},
  number={1},
  pages={354--363},
  year={2010},
  publisher={Am Soc Microbiol},
  langid = {english}
}

@article{Kervestin2012,
  title={NMD: a multifaceted response to premature translational termination},
  author={Kervestin, Stephanie and Jacobson, Allan},
  journal={Nature reviews Molecular cell biology},
  volume={13},
  number={11},
  pages={700--712},
  year={2012},
  publisher={Nature Publishing Group},
  langid = {english}
}

@article{Ishiguro1981,
  title={Altered ribosomal protein S11 from the \textit{SUP46} suppressor of yeast},
  author={Ishiguro, Junpei and Ono, Bun-Ichiro and Masurekar, Malthi and McLaughlin, Calvin S and Sherman, Fred},
  journal={Journal of molecular biology},
  volume={147},
  number={3},
  pages={391--397},
  year={1981},
  publisher={Elsevier},
  langid = {english}
}

@article{Alksne1993,
  title={An accuracy center in the ribosome conserved over 2 billion years},
  author={Alksne, Lefa E and Anthony, Richard A and Liebman, Susan W and Warner, Jonathan R},
  journal={PNAS U. S. A.},
  volume={90},
  number={20},
  pages={9538--9541},
  year={1993},
  publisher={National Acad Sciences},
  langid = {english}
}

@article{Hughes2000,
  title={Computational identification of cis-regulatory elements associated with groups of functionally related genes in \Saccer},
  author={Hughes, Jason D and Estep, Preston W and Tavazoie, Saeed and Church, George M},
  journal={Journal of molecular biology},
  volume={296},
  number={5},
  pages={1205--1214},
  year={2000},
  publisher={Elsevier},
  langid = {english}
}

@article{Marion2004,
  title={Sfp1 is a stress-and nutrient-sensitive regulator of ribosomal protein gene expression},
  author={Marion, Rosa M and Regev, Aviv and Segal, Eran and Barash, Yoseph and Koller, Daphne and Friedman, Nir and O'Shea, Erin K},
  journal={PNAS U. S. A.},
  volume={101},
  number={40},
  pages={14315--14322},
  year={2004},
  publisher={National Acad Sciences},
  langid = {english}
}

@article{Macisaac2006,
  title={An improved map of conserved regulatory sites for \Saccer},
  author={MacIsaac, Kenzie D and Wang, Ting and Gordon, D Benjamin and Gifford, David K and Stormo, Gary D and Fraenkel, Ernest},
  journal={BMC bioinformatics},
  volume={7},
  number={1},
  pages={1},
  year={2006},
  publisher={BioMed Central},
  langid = {english}
}

@article{Liko2007,
  title={Stb3 binds to ribosomal RNA processing element motifs that control transcriptional responses to growth in \Saccer},
  author={Liko, Dritan and Slattery, Matthew G and Heideman, Warren},
  journal={Journal of Biological Chemistry},
  volume={282},
  number={36},
  pages={26623--26628},
  year={2007},
  publisher={ASBMB},
  langid = {english}
}

@article{Freckleton2009,
  title={Microarray profiling of phage-display selections for rapid mapping of transcription factor--DNA interactions},
  author={Freckleton, Gordon and Lippman, Soyeon I and Broach, James R and Tavazoie, Saeed},
  journal={PLoS Genet},
  volume={5},
  number={4},
  pages={e1000449},
  year={2009},
  publisher={Public Library of Science},
  langid = {english}
}

@article{Huber2011,
  title={Sch9 regulates ribosome biogenesis via Stb3, Dot6 and Tod6 and the histone deacetylase complex RPD3L},
  author={Huber, Alexandre and French, Sarah L and Tekotte, Hille and Yerlikaya, Seda and Stahl, Michael and Perepelkina, Mariya P and Tyers, Mike and Rougemont, Jacques and Beyer, Ann L and Loewith, Robbie},
  journal={The EMBO journal},
  volume={30},
  number={15},
  pages={3052--3064},
  year={2011},
  publisher={EMBO Press},
  langid = {english}
}


@article{Lempiainen2009,
  title={Sfp1 interaction with TORC1 and Mrs6 reveals feedback regulation on TOR signaling},
  author={Lempi{\"a}inen, Harri and Uotila, Aino and Urban, J{\"o}rg and Dohnal, Ilse and Ammerer, Gustav and Loewith, Robbie and Shore, David},
  journal={Molecular cell},
  volume={33},
  number={6},
  pages={704--716},
  year={2009},
  publisher={Elsevier},
  langid = {english}
}

@article{Lieb2001,
  title={Promoter-specific binding of Rap1 revealed by genome-wide maps of protein--DNA association},
  author={Lieb, Jason D and Liu, Xiaole and Botstein, David and Brown, Patrick O},
  journal={Nature genetics},
  volume={28},
  number={4},
  pages={327--334},
  year={2001},
  publisher={Nature Publishing Group},
  langid = {english}
}

@article{Fermi2016,
  title={Multiple roles of the general regulatory factor Abf1 in yeast ribosome biogenesis},
  author={Fermi, Beatrice and Bosio, Maria Cristina and Dieci, Giorgio},
  journal={Current genetics},
  pages={1--4},
  year={2016},
  publisher={Springer},
  langid = {english}
}


@article{Wapinski2010,
  title={Gene duplication and the evolution of ribosomal protein gene regulation in yeast},
  author={Wapinski, Ilan and Pfiffner, Jenna and French, Courtney and Socha, Amanda and Thompson, Dawn Anne and Regev, Aviv},
  journal={PNAS U. S. A.},
  volume={107},
  number={12},
  pages={5505--5510},
  year={2010},
  publisher={National Acad Sciences},
  langid = {english}
}

@article{Berger2007,
  title={Hmo1 is required for TOR-dependent regulation of ribosomal protein gene transcription},
  author={Berger, Axel B and Decourty, Laurence and Badis, Gwena{\"e}l and Nehrbass, Ulf and Jacquier, Alain and Gadal, Olivier},
  journal={Molecular and cellular biology},
  volume={27},
  number={22},
  pages={8015--8026},
  year={2007},
  publisher={Am Soc Microbiol},
  langid = {english}
}

@article{Bosio2011,
  title={Promoter architectures in the yeast ribosomal expression program},
  author={Bosio, Maria Cristina and Negri, Rodolfo and Dieci, Giorgio},
  journal={Transcription},
  volume={2},
  number={2},
  pages={71--77},
  year={2011},
  publisher={Taylor \& Francis},
  langid = {english}
}

@article{Kasahara2007,
  title={Assembly of regulatory factors on rRNA and ribosomal protein genes in \Saccer},
  author={Kasahara, Koji and Ohtsuki, Kazushige and Ki, Sewon and Aoyama, Kayo and Takahashi, Hiroyuki and Kobayashi, Takehiko and Shirahige, Katsuhiko and Kokubo, Tetsuro},
  journal={Molecular and cellular biology},
  volume={27},
  number={19},
  pages={6686--6705},
  year={2007},
  publisher={Am Soc Microbiol},
  langid = {english}
}

@article{Parenteau2011,
  title={Introns within ribosomal protein genes regulate the production and function of yeast ribosomes},
  author={Parenteau, Julie and Durand, Mathieu and Morin, Genevi{\`e}ve and Gagnon, Jules and Lucier, Jean-Fran{\c{c}}ois and Wellinger, Raymund J and Chabot, Benoit and Elela, Sherif Abou},
  journal={Cell},
  volume={147},
  number={2},
  pages={320--331},
  year={2011},
  publisher={Elsevier},
  langid = {english}
}

@article{Planta1998,
  title={The list of cytoplasmic ribosomal proteins of \Saccer},
  author={Planta, Rudi J and Mager, Willem H},
  journal={Yeast},
  volume={14},
  number={5},
  pages={471--477},
  year={1998},
  publisher={Wiley Online Library},
  langid = {english}
}

@article{Roy2013,
  title={The intimate relationships of mRNA decay and translation},
  author={Roy, Bijoyita and Jacobson, Allan},
  journal={Trends in Genetics},
  volume={29},
  number={12},
  pages={691--699},
  year={2013},
  publisher={Elsevier},
  langid = {english}
}

@article{Inge-Vechtomov2003,
  title={Eukaryotic release factors (eRFs) history},
  author={Inge-Vechtomov, Sergei and Zhouravleva, Galina and Philippe, Michel},
  journal={Biology of the Cell},
  volume={95},
  number={3-4},
  pages={195--209},
  year={2003},
  publisher={Wiley Online Library},
  langid = {english}
}

@article{Dabrowski2015,
  title={Translational readthrough potential of natural termination codons in eucaryotes--The impact of RNA sequence},
  author={Dabrowski, Maciej and Bukowy-Bieryllo, Zuzanna and Zietkiewicz, Ewa},
  journal={RNA biology},
  volume={12},
  number={9},
  pages={950--958},
  year={2015},
  publisher={Taylor \& Francis},
  langid = {english}
}

@article{Ono2005,
  title={Suppression of termination mutations caused by defects of the NMD machinery in \Saccer},
  author={Ono, Bun-ichiro and Yoshida, Ryohma and Kamiya, Koh and Sugimoto, Tatsuzo},
  journal={Genes \& genetic systems},
  volume={80},
  number={5},
  pages={311--316},
  year={2005},
  publisher={日本遺伝学会},
  langid = {english}
}

@article{Ono1982, 
  title={Recessive UAA suppressors of the yeast \Saccer},
  author={Ono, Bun-Ichiro and Tanaka, Mitsuaki and Kominami, Masayo and Ishino, Yumiko and Shinoda, Sumio},
  journal={Genetics},
  volume={102},
  number={4},
  pages={653--664},
  year={1982},
  publisher={Genetics Soc America},
  langid = {english}
}

@article{Wang2001,
  title={The role of Upf proteins in modulating the translation read-through of nonsense-containing transcripts},
  author={Wang, Weirong and Czaplinski, Kevin and Rao, Yu and Peltz, Stuart W},
  journal={The EMBO journal},
  volume={20},
  number={4},
  pages={880--890},
  year={2001},
  publisher={EMBO Press},
  langid = {english}
}

@article{Czaplinski2000,
  title={Mtt1 is a Upf1-like helicase that interacts with the translation termination factors and whose overexpression can modulate termination efficiency.},
  author={Czaplinski, KEVIN and Majlesi, NIMA and Banerjee, TAPO and Peltz, STUART W},
  journal={RNA},
  volume={6},
  number={5},
  pages={730--743},
  year={2000},
  publisher={Cold Spring Harbor Lab},
  langid = {english}
}


@article{Ogle2005,
  title={Structural insights into translational fidelity},
  author={Ogle, James M and Ramakrishnan, V},
  journal={Annu. Rev. Biochem.},
  volume={74},
  pages={129--177},
  year={2005},
  publisher={Annual Reviews},
  langid = {english}
}

@article{Sandbaken1988,
  title={Mutations in elongation factor EF-1 alpha affect the frequency of frameshifting and amino acid misincorporation in \Saccer},
  author={Sandbaken, Mark G and Culbertson, Michael R},
  journal={Genetics},
  volume={120},
  number={4},
  pages={923--934},
  year={1988},
  publisher={Genetics Soc America},
  langid = {english}
}

@article{deNadal2001,
  title={A role for the Ppz Ser/Thr protein phosphatases in the regulation of translation elongation factor 1B$\alpha$},
  author={De Nadal, Eul{\`a}lia and Fadden, Robert P and Ruiz, Amparo and Haystead, Timothy and Ari{\~n}o, Joaqu{\i}́n},
  journal={Journal of Biological Chemistry},
  volume={276},
  number={18},
  pages={14829--14834},
  year={2001},
  publisher={ASBMB},
  langid = {english}
}

@article{Cosson2002,
  title={Poly (A)-binding protein acts in translation termination via eukaryotic release factor 3 interaction and does not influence [\textit{PSI}\up{+}] propagation},
  author={Cosson, Bertrand and Couturier, Anne and Chabelskaya, Svetlana and Kiktev, Denis and Inge-Vechtomov, Sergey and Philippe, Michel and Zhouravleva, Galina},
  journal={Molecular and Cellular Biology},
  volume={22},
  number={10},
  pages={3301--3315},
  year={2002},
  publisher={Am Soc Microbiol},
  langid = {english}
}


@article{Nizhnikov2011ru,
	title = {Выявление генов, кодирующих потенциально амилоидогенные белки, участвующих в регуляции нонсенс-супрессии у дрожжей \Saccer},
	author = {Нижников, А. А. and Магомедова, З. М. and Сайфитдинова, А. Ф. and Инге-Вечтомов, С. Г. and Галкин, А. П.},
	journal = {Экологическая генетика},
	volume = {IX},
	number = {4},
	year = {2011},
	langid = {russian}
	}

@article{Chernoff1994,
  title={Mutations in eukaryotic 18S ribosomal RNA affect translational fidelity and resistance to aminoglycoside antibiotics.},
  author={Chernoff, Yury O and Vincent, Annette and Liebman, Susan W},
  journal={The EMBO journal},
  volume={13},
  number={4},
  pages={906},
  year={1994},
  publisher={European Molecular Biology Organization},
  langid = {english}
}


@article{Chernoff1996,
  title={The translational function of nucleotide C1054 in the small subunit rRNA is conserved throughout evolution: genetic evidence in yeast},
  author={Chernoff, Yury O and Newnam, Gary P and Liebman, Susan W},
  journal={PNAS U. S. A.},
  volume={93},
  number={6},
  pages={2517--2522},
  year={1996},
  publisher={National Acad Sciences},
  langid = {english}
}

@article{Velichutina2001,
  title={Genetic interaction between yeast \Saccer release factors and the decoding region of 18 S rRNA},
  author={Velichutina, Irina V and Hong, Joo Yun and Mesecar, Andrew D and Chernoff, Yury O and Liebman, Susan W},
  journal={Journal of molecular biology},
  volume={305},
  number={4},
  pages={715--727},
  year={2001},
  publisher={Elsevier},
  langid = {english}
}


@article{Hatin2007,
  title={Fine-tuning of translation termination efficiency in \Saccer involves two factors in close proximity to the exit tunnel of the ribosome},
  author={Hatin, Isabelle and Fabret, C{\'e}line and Namy, Olivier and Decatur, Wayne A and Rousset, Jean-Pierre},
  journal={Genetics},
  volume={177},
  number={3},
  pages={1527--1537},
  year={2007},
  publisher={Genetics Soc America},
  langid = {english}
}

@article{Smith2001,
  title={Saturation Mutagenesis of 5S rRNA in \Saccer},
  author={Smith, Maria W and Meskauskas, Arturas and Wang, Pinger and Sergiev, Petr V and Dinman, Jonathan D},
  journal={Molecular and cellular biology},
  volume={21},
  number={24},
  pages={8264--8275},
  year={2001},
  publisher={Am Soc Microbiol},
  langid = {english}
}

@article{Liu1996,
  title={A translational fidelity mutation in the universally conserved sarcin/ricin domain of 25S yeast ribosomal RNA.},
  author={Liu, RONG and Liebman, SUSAN W},
  journal={RNA},
  volume={2},
  number={3},
  pages={254--263},
  year={1996},
  publisher={Cold Spring Harbor Lab},
  langid = {english}
}

@article{Parry1970,
  title={The tolerance of aneuploidy in yeast},
  author={Parry, Elizabeth M and Cox, BS},
  journal={Genetical research},
  volume={16},
  number={03},
  pages={333--340},
  year={1970},
  publisher={Cambridge Univ Press},
  langid = {english}
}

@article{Mulla2014,
  title={Yeast: a simple model system to study complex phenomena of aneuploidy},
  author={Mulla, Wahid and Zhu, Jin and Li, Rong},
  journal={FEMS microbiology reviews},
  volume={38},
  number={2},
  pages={201--212},
  year={2014},
  publisher={The Oxford University Press},
  langid = {english}
}

@incollection{Inge-Vechtomov1998,
  title={Yeast approach to protein “prionization”: \textit{SUP35}-[\textit{PSI}] system},
  author={Inge-Vechtomov, SG and Ilmov, EA and Mironova, LN and Tikchomirova, VL and Volkov, KV and Zadorsky, SP},
  booktitle={Prions and Brain Diseases in Animals and Humans},
  pages={99--109},
  year={1998},
  publisher={Springer},
  langid = {english}
}

@article{Nizhnikov2012,
  title={[\textit{NSI}\up{+}] determinant has a pleiotropic phenotypic manifestation that is modulated by \textit{SUP35}, \textit{SUP45}, and \textit{VTS1} genes},
  author={Nizhnikov, Anton A and Magomedova, Zalina M and Rubel, Alexandr A and Kondrashkina, Alexandra M and Inge-Vechtomov, Sergey G and Galkin, Alexey P},
  journal={Current genetics},
  volume={58},
  number={1},
  pages={35--47},
  year={2012},
  publisher={Springer},
  langid = {english}
}


@BOOK{Galkindisser,
author = {Галкин, Алексей Петрович},
title = {Идентификация и анализ взаимодействия прионов и амилоидов в протеоме дрожжей \Saccer: дис. ... докт. биол. наук: 03.02.07},
year = {2015},
langid = {russian},
address = {СПб.},
numpages = {205},
langid = {russian}
}


@article{Kondrashkina2014ru,
	title = {Прионоподобный детерминант [\textit{NSI}\up{+}] \Saccer снижает экспрессию гена \textit{SUP45}},
	author = {Кондрашкина, А. М. and Антонец, К. С. and Галкин, А. П. and Нижников, А. А.},
	journal = {Молекулярная биология},
	year = {2014},
	volume = {48},
	number = {5},
	pages = {790--796},
	langid = {russian}
}

@article{Palmer1979par,
  title={Phenotypic suppression of nonsense mutants in yeast by aminoglycoside antibiotics},
  author={Palmer, Edward and Wilhelm, James M and Sherman, Fred},
  year={1979},
  journal  = {Nature},
  volume = {277},
  pages = {148--150},
  publisher={Nature Publishing Group},
  langid = {english}
}

@article{Singh1979,
  title={Phenotypic suppression and misreading in \Saccer},
  author={Singh, Arjun and Ursic, Doris and Davies, Julian},
  year={1979},
  publisher={Nature Publishing Group},
    journal  = {Nature},
  volume = {277},
  pages = {146--148},
  langid = {english}
}

@article{Rao1967,
  title={Cycloheximide resistance in yeast: a property of the 60s ribosomal subunit},
  author={Rao, Sukanya S and Grollman, Arthur P},
  journal={Biochemical and biophysical research communications},
  volume={29},
  number={5},
  pages={696--704},
  year={1967},
  publisher={Elsevier},
  langid = {english}
}

@article{Carr-Schmid1999,
  title={Mutations in a GTP-binding motif of eukaryotic elongation factor 1A reduce both translational fidelity and the requirement for nucleotide exchange},
  author={Carr-Schmid, Anne and Durko, Noelle and Cavallius, Jens and Merrick, William C and Kinzy, Terri Goss},
  journal={Journal of Biological Chemistry},
  volume={274},
  number={42},
  pages={30297--30302},
  year={1999},
  publisher={ASBMB},
  langid = {english}
}

@article{Frolova1994,
  title={A highly conserved eukaryotic protein family possessing properties of polypeptide chain release factor},
  author={Frolova, Lyudmila and Le Goff, Xavier and Rasmussen, Hanne H and Cheperegin, Sergey and Drugeon, Gabriele and Kress, Michel and Arman, Inga and Haenni, Anne-Lise and Celis, Jullo E and Phllippe, Michel and others},
  year={1994},
    journal={Nature},
  volume={372},
  number={6507},
  pages={701--703},
  publisher={Nature Publishing Group},
  langid = {english}
}

@article{Song2000,
  title={The crystal structure of human eukaryotic release factor eRF1—mechanism of stop codon recognition and peptidyl-tRNA hydrolysis},
  author={Song, Haiwei and Mugnier, Pierre and Das, Amit K and Webb, Helen M and Evans, David R and Tuite, Mick F and Hemmings, Brian A and Barford, David},
  journal={Cell},
  volume={100},
  number={3},
  pages={311--321},
  year={2000},
  publisher={Elsevier},
  langid = {english}
}

@article{Czaplinski1998,
  title={The surveillance complex interacts with the translation release factors to enhance termination and degrade aberrant mRNAs},
  author={Czaplinski, Kevin and Ruiz-Echevarria, Maria J and Paushkin, Sergey V and Han, Xia and Weng, Youmin and Perlick, Haley A and Dietz, Harry C and Ter-Avanesyan, Michael D and Peltz, Stuart W},
  journal={Genes \& development},
  volume={12},
  number={11},
  pages={1665--1677},
  year={1998},
  publisher={Cold Spring Harbor Lab},
  langid = {english}
}

@article{Duina2014,
  title={Budding yeast for budding geneticists: a primer on the \Saccer model system},
  author={Duina, Andrea A and Miller, Mary E and Keeney, Jill B},
  journal={Genetics},
  volume={197},
  number={1},
  pages={33--48},
  year={2014},
  publisher={Genetics Soc America},
  langid = {english}
}

@article{Parent1985,
  title={Vector systems for the expression, analysis and cloning of DNA sequence in \Scer},
  author={Parent, Stephen A and Fenimore, Carol M and Bostian, Keith A},
  journal={Yeast},
  volume={1},
  number={2},
  pages={83--138},
  year={1985},
  publisher={Wiley Online Library},
  langid = {english}
}

@article{Lee2015,
  title={Mating-type gene switching in \Saccer},
  author={Lee, Cheng-Sheng and Haber, James E},
  journal={Microbiology spectrum},
  volume={3},
  number={2},
  year={2015},
  pages={MDNA3-0013-2014},
  publisher={American Society of Microbiology},
  langid = {english}
}

@article{Wickner1999,
  title={Prions in Saccharomyces and Podosporaspp.: Protein-Based Inheritance},
  author={Wickner, Reed B and Taylor, Kimberly L and Edskes, Herman K and Maddelein, Marie-Lise and Moriyama, Hiromitsu and Roberts, B Tibor},
  journal={Microbiology and Molecular Biology Reviews},
  volume={63},
  number={4},
  pages={844--861},
  year={1999},
  publisher={Am Soc Microbiol},
  langid = {english}
}

@article{Prusiner1982,
  title={Novel proteinaceous infectious particles cause scrapie},
  author={Prusiner, Stanley B},
  journal={Science},
  volume={216},
  number={4542},
  pages={136--144},
  year={1982},
  langid = {english}
}


@article{Kwon2012,
  title={oPOSSUM-3: advanced analysis of regulatory motif over-representation across genes or ChIP-Seq datasets},
  author={Kwon, Andrew T and Arenillas, David J and Hunt, Rebecca Worsley and Wasserman, Wyeth W},
  journal={G3: Genes| Genomes| Genetics},
  volume={2},
  number={9},
  pages={987--1002},
  year={2012},
  publisher={Genetics Society of America}
}